1942 3132
742 179 799 210 An
820 179 851 209 1.
874 178 908 218 7,
935 177 1100 209 13—16.
1605 165 1673 201 ¹83

176 301 330 339 rantur
368 296 523 340 Galliae
561 296 779 351 regiones,
820 308 929 350 quas
966 294 1176 337 Messalla
1216 295 1390 337 Tibullo
1432 297 1674 339 comitante

177 375 440 429 peragravit.
467 399 526 405 —-
560 373 771 418 Tarbella
806 371 997 430 Pyrene,
1034 375 1210 415 montes
1247 367 1457 427 Pyrenaei,
1486 387 1674 427 quorum

176 445 294 495 la’tus
336 452 685 507 septentrionale
726 464 880 493 versus
925 451 1033 492 litus
1075 449 1239 493 Oceani
1280 451 1490 492 Atlantici
1538 452 1673 493 situm

177 529 435 572 accolebant
471 527 673 570 Tarbelli.
714 525 906 583 Pyrene,
950 526 1149 580 Pyrenaei
1193 529 1382 577 mont-es,
1423 529 1472 568 ut
1510 526 1674 569 Lucan.

176 607 210 650 L
239 607 352 656 689;
389 606 534 661 prima
572 603 742 659 syllaba
780 604 865 646 hoc
903 604 1001 646 loco
1039 603 1197 652 brevis,
1225 607 1275 646 ut
1300 604 1466 646 Lucan.
1492 604 1565 646 IV.
1593 604 1676 646 83:

183 683 482 739 «Pyrenaeus»,
521 682 783 738 plerumque
822 681 966 734 longa.
996 706 1054 709 —
1085 678 1257 724 Oceani
1294 679 1548 735 Santonici,
1572 695 1678 736 pars

179 760 356 809 Oceani,
383 772 514 814 quam
552 758 810 801 accolebant
845 757 1079 807 Santones,
1107 772 1218 813 gens
1253 759 1301 800 in
1327 759 1425 813 ripa
1453 757 1677 801 Garunnae

180 836 517 892 septentrionali
544 837 639 878 sita.
669 836 803 878 Terra
827 839 1011 878 vocatur
1036 835 1168 878 hodie
1187 834 1448 892 Saintonye.
1465 835 1679 892 —Arar,

179 914 311 957 hodie
339 912 518 967 Saone;
542 915 597 957 cf.
625 913 732 957 Caes.
761 914 810 956 B.
840 913 891 956 G.
919 914 951 956 I.
986 915 1063 956 12:
1097 913 1309 955 «Flumen
1338 916 1405 962 est
1420 915 1540 964 Arar,
1561 914 1678 970 quod

177 1005 259 1047 per
281 991 392 1034 fines
417 991 689 1034 Haeduorum
716 994 761 1034 et
785 990 1091 1046 Sequanorum
1133 992 1181 1033 in
1221 991 1491 1034 Rhodanum
1529 991 1679 1034 influit

177 1069 428 1112 incredibili
465 1069 691 1111 lenitate».
719 1094 777 1097 —
803 1067 1076 1121 Rhodanus,
1114 1068 1246 1111 hodie
1285 1067 1458 1113 Rhene.
1489 1091 1544 1098 -—
1575 1067 1676 1113 Ga-

179 1158 350 1201 runna,
393 1145 525 1188 hodie
571 1144 814 1200 Garon·ne;
856 1159 1058 1200 magnus,
1102 1147 1206 1202 quia
1250 1147 1472 1189 latissimo
1515 1160 1591 1188 ore
1632 1147 1679 1188 in

181 1222 405 1265 Oceanum
442 1221 605 1265 influit.
631 1248 688 1252 —
718 1221 956 1278 Carnutis,
993 1222 1209 1266 Carnutes
1246 1224 1502 1266 incolebant
1539 1224 1680 1278 regio-

180 1314 283 1343 nem
311 1300 464 1355 oppidi
492 1299 664 1342 Genabi
690 1299 840 1352 (hodie
872 1298 1102 1356 Orledns).
1130 1325 1187 1330 —
1213 1300 1339 1356 slavi,
1364 1283 1561 1351 namsut
1585 1301 1679 1343 Liv.

180 1377 420 1420 XXXVIII.
466 1379 531 1420 17.
566 1377 697 1420 dicit:
731 1377 941 1421 «Candidi
979 1391 1106 1432 paene
1145 1378 1262 1421 Galli
1303 1382 1408 1421 sunt
1445 1391 1602 1421 omnes
1639 1380 1684 1420 et

181 1454 348 1503 rutili»;
375 1455 429 1496 cf.
458 1453 687 1497 Claudian.
727 1454 793 1496 De
819 1454 937 1496 laud.
979 1453 1150 1497 Stilich.
1178 1455 1234 1497 Π.
1265 1456 1377 1497 9-4οε
1410 1454 1548 1497 «flava
1577 1454 1680 1497 Gal·

180 1532 282 1581 lia».
311 1556 368 1560 --
395 1529 548 1587 Myer,
573 1531 705 1574 hodie
731 1530 879 1575 Loire.

242 1609 290 1650 V.
324 1610 507 1651 13—-16.
536 1607 612 1652 An
650 1611 704 1662 te,
744 1607 915 1666 Cydne,
954 1621 1135 1663 canam,
1173 1609 1332 1651 alludit
1358 1609 1414 1651 ad
1441 1609 1681 1663 expeditio-

183 1699 287 1727 nem
313 1685 535 1727 Messallae
562 1685 610 1726 in
636 1685 804 1735 Cilicia,
832 1689 882 1728 ut
908 1700 1043 1740 supra
1068 1686 1101 1728 Ι.
1131 1688 1170 1736 2,
1201 1687 1283 1728 67:
1316 1685 1421 1727 «Ille
1447 1686 1551 1728 licet
1577 1685 1680 1728 Cili-

184 1775 285 1804 cum
310 1763 449 1804 victas
475 1765 575 1816 agat
601 1766 705 1805 ante
732 1766 970 1805 catervas».
990 1789 1046 1792 —ff
1067 1761 1238 1820 Cydne,
1254 1762 1418 1804 fluvius
1432 1763 1608 1806 Ciliciae.
1625 1789 1682 1792 —

187 1840 346 1882 tractis
373 1839 454 1894 qui
480 1840 642 1883 leniter
665 1839 804 1883 undis
834 1839 1066 1884 Coeruleus
1101 1840 1303 1898 placidis
1323 1853 1410 1897 per
1436 1839 1555 1883 vada
1582 1853 1682 1883 ser—

181 1916 256 1972 pis
294 1916 442 1974 aquis,
475 1915 729 1958 tarditatem
769 1919 812 1957 et
848 1930 1010 1970 purum
1049 1918 1244 1959 colorem
1282 1917 1405 1959 fluvii
1444 1917 1608 1967 laudat,
1634 1919 1685 1958 ut

187 1993 305 2036 Curt.
333 1993 410 2034 III.
438 1993 479 2042 4,
508 1993 561 2041 8.,
592 1993 666 2047 qui
693 1992 855 2034 Tibulli
877 1994 1024 2035 locum
1042 1996 1144 2035 ante,
1167 1994 1319 2035 oculos
1340 1993 1548 2035 habuisse
1565 1992 1685 2035 vide-‘-

187 2073 284 2112 tur:
318 2068 522 2123 «Cydnus
559 2082 662 2110 non
691 2069 835 2123 spatio
873 2083 1100 2124 aquarum,
1142 2069 1219 2111 sed
1257 2069 1427 2124 liquore
1466 2083 1684 2112 memora-

187 2147 316 2189 bilis:
343 2148 507 2201 quippe
534 2146 626 2190 leni
651 2149 799 2190 tractu
832 2162 855 2189 e
892 2147 1091 2190 fontibus
1129 2148 1285 2190 labens
1310 2161 1421 2202 puro
1449 2149 1544 2190 solo
1573 2149 1684 2190 exci—

188 2225 309 2284 pitur
325 2238 407 2266 nec
423 2226 642 2267 torrentes
669 2224 911 2274 incurrunt,
932 2226 1007 2279 qui
1027 2224 1212 2281 placide
1237 2225 1476 2268 manantis
1504 2225 1685 2268 alveum

190 2301 393 2344 turbent:
421 2302 568 2356 itaque
595 2302 877 2356 incorruptus
902 2335 911 2343 .
941 2335 950 2344 .
980 2335 990 2344 .
1019 2302 1180 2357 ubique
1219 2303 1418 2344 fontibus
1445 2304 1536 2344 suis
1564 2303 1685 2344 simi-

190 2381 246 2422 lis
273 2380 320 2422 in
346 2393 468 2421 mare
495 2379 679 2421 evadit».
710 2404 765 2408 -—
793 2379 951 2422 tractis
978 2414 986 2421 .
1018 2413 1028 2422 .
1055 2414 1063 2422 .
1094 2379 1255 2423 leniter
1278 2379 1434 2432 undis,
1459 2380 1544 2422 abl.
1568 2380 1687 2422 aba:

190 2457 334 2500 undas
360 2457 483 2498 tarde
508 2457 703 2505 trahens,
731 2459 782 2498 ut
806 2456 991 2499 dicitur:
1018 2457 1151 2512 pedes
1175 2458 1266 2499 sive
1283 2458 1468 2510 vestigia
1485 2457 1686 2505 trahere3

191 2534 245 2576 cf.
273 2533 393 2576 Curt.
419 2533 518 2574 Rus.
546 2533 623 2574 111.
650 2533 692 2581 4,
720 2534 776 2575 8:
800 2533 1003 2587 «Cydnus
1030 2565 1040 2575 .
1067 2566 1078 2575 .
1106 2566 1116 2575 .
1135 2534 1227 2575 leni
1253 2536 1397 2575 tractu
1413 2566 1422 2575 .
1445 2565 1454 2574 .
1474 2565 1482 2574 .
1503 2532 1682 2574 labens»

194 2614 238 2653 et
263 2609 365 2652 ibid.
399 2612 434 2661 1,
463 2612 514 2652 3:
547 2609 784 2664 «(Marsyas
816 2610 978 2663 amnis)
1002 2609 1191 2652 diffusus
1230 2610 1536 2653 circumiectos
1575 2610 1689 2663 rigat

194 2700 374 2742 campos
399 2686 595 2741 liquidus
621 2690 666 2729 et
690 2699 792 2730 suas
817 2687 1031 2730 duntaxat
1055 2686 1198 2729 undas
1224 2687 1453 2729 trahens».
1481 2686 1683 2729 Ceterum
