1942 3132
770 184 828 216 An
846 184 896 214 11.
921 181 955 221 l,
976 181 1144 213 15—20.
1641 169 1707 205 199

214 303 439 346 Tibullum
466 306 569 345 ante
595 302 747 345 oculos
785 300 996 344 habuisse
1020 299 1196 342 videtur
1233 299 1309 343 Ov.
1350 300 1469 343 Fast.
1509 301 1564 343 H.
1594 302 1707 345 654:

221 381 412 435 «linguis
437 379 628 423 candida
650 378 780 422 turba
805 378 948 420 favet»
981 381 1024 420 et
1036 377 1109 419 IV.
1129 379 1242 420 906:
1276 365 1483 421 «Obstitit
1497 379 1545 420 in
1561 378 1710 421 media

216 445 406 500 c'andida
429 457 560 500 turba.
582 457 696 500 via».
729 479 776 485 —
816 452 879 497 Di
903 454 1061 511 patrii,
1082 467 1344 512 puryamus
1372 459 1469 506 etc„
1508 455 1709 499 Tibullus

216 546 383 588 agnum
408 533 649 576 immolans
682 531 889 586 precibus
925 531 1105 574 invocat
1142 531 1291 574 Lares.
1318 555 1377 560 —
1398 531 1560 587 patrii,
1597 532 1655 574 dii
1685 546 1712 575 a

217 610 416 665 patribus
442 610 611 664 accepti
635 608 801 663 (Graece
826 615 1009 666 πατρῷοι
1033 609 1144 660 θεοὶ)
1168 608 1196 650 i.
1225 623 1262 650 e.
1289 607 1427 651 Lares
1451 609 1710 659 familiareS,

217 687 391 742 quibus,
432 688 527 742 agri
563 686 833 735 custodibus,
874 699 1036 741 agnam
1075 686 1296 740 imprimis
1334 685 1487 735 offert:
1526 687 1580 728 cf.
1608 686 1640 728 L
1677 689 1710 738 l,

226 767 419 809 19—23:
452 764 564 808 «Vos
589 777 778 819 quoque,
805 764 949 806 felicis
969 763 1208 819 quondam,
1236 776 1356 805 nunc
1381 764 1593 818 pauperis
1620 764 1714 818 agri

218 843 446 894 Custodes,
475 842 601 885 fertis
626 855 814 884 munera
829 843 989 890 vestra,
1012 841 1177 883 Lares:
1203 841 1324 883 Tunc
1339 840 1482 883 vitula
1507 841 1714 884 innume-

219 934 292 963 ros
317 919 534 963 lustrabat
559 933 672 963 caesa
702 920 927 969 iuvencos,
967 918 1094 960 Nunc
1121 931 1238 972 agna
1275 918 1421 973 exigui
1461 920 1529 960 est
1567 919 1716 961 hostia

218 1011 354 1053 parva
375 997 484 1040 soli:
521 998 650 1052 Agna
674 998 803 1040 cadet
825 996 1008 1046 vobim:
1046 997 1183 1039 etiam
1220 997 1379 1038 fratres
1414 996 1613 1048 Arvales,
1640 997 1717 1051 qui

221 1089 374 1131 agrum
423 1074 678 1118 Romanum
717 1073 982 1125 lustrabant,
1028 1074 1166 1116 Lares
1203 1073 1472 1116 invocabant
1507 1074 1716 1128 primum,

220 1153 380 1195 deinde
405 1152 608 1202 Martem,
641 1154 693 1194 ut
718 1152 863 1194 elucet
887 1166 940 1194 ex
977 1152 1174 1194 carmine
1214 1164 1368 1193 eorum
1406 1151 1718 1206 antiquissimo

220 1231 289 1282 (cf.
329 1230 531 1272 Bitschl:
570 1230 705 1272 Prisc.
733 1229 831 1271 Lat.
870 1228 992 1271 Mon.
1032 1228 1228 1272 XXXVI.
1268 1230 1346 1281 A):
1394 1229 1541 1270 «Enos
1580 1229 1719 1271 Lases

221 1309 410 1351 iuvate».
438 1307 558 1350 Deos
583 1307 755 1362 patrios
770 1310 900 1349 vocat
915 1306 1117 1348 Tibullus
1142 1306 1294 1357 Lares,
1321 1309 1372 1348 ut
1394 1306 1427 1348 I.
1458 1307 1497 1356 3,
1527 1307 1608 1349 33:
1641 1307 1720 1348 «At

221 1385 333 1427 mihi
373 1385 606 1439 contingat
640 1385 811 1439 patrios
850 1384 1073 1426 celebrare
1114 1383 1328 1427 Penates»
1374 1386 1418 1425 et
1454 1384 1487 1426 I.
1525 1385 1592 1434 10,
1641 1385 1719 1427 15:

228 1460 339 1504 «Sed
362 1463 497 1517 patrii
523 1465 695 1505 servate
732 1461 918 1504 Laves».
958 1461 1128 1504 Eodem
1161 1462 1345 1503 nomine
1383 1461 1521 1503 Lares
1559 1464 1722 1503 emant

222 1539 348 1594 Yerg.
377 1541 486 1582 Aen.
519 1539 592 1582 IV.
622 1540 736 1582 688:
769 1540 1048 1594 «patriosque
1084 1539 1239 1581 vocavi
1263 1538 1382 1581 Voce
1418 1537 1568 1588 deos»,
1610 1538 1719 1580 Hor.

224 1615 367 1660 Carm.
396 1617 451 1659 IL
481 1618 522 1666 7,
551 1618 692 1659 3—4:
725 1616 858 1669 «Quis
885 1618 930 1658 te
955 1615 1189 1658 redonavit
1214 1615 1434 1668 Quiritem
1458 1615 1539 1657 Dis
1564 1615 1729 1670 patriis¹

224 1693 425 1748 Italoque
451 1693 583 1735 caelo»
614 1694 683 1745 (cf,
704 1695 749 1735 et
764 1691 908 1736 Carm.
935 1692 991 1734 H.
1025 1693 1090 1742 18,
1119 1692 1322 1735 26—28:
1355 1692 1562 1746 «pellitur
1576 1695 1723 1746 pater—

227 1783 310 1813 nos
335 1770 389 1812 In
415 1771 518 1812 sinu
545 1770 692 1812 ferens
717 1769 825 1811 deos
849 1769 906 1811 Et
930 1782 1042 1810 uxor
1067 1772 1110 1810 et
1126 1769 1195 1810 vir
1211 1767 1501 1823 sordidosque
1526 1770 1703 1820 natos»)
1712 1783 1724 1818 ;

228 1848 304 1891 Ov.
333 1847 438 1889 Her.
472 1849 507 1897 1,
537 1849 619 1890 26:
665 1846 875 1889 «Ponitur
916 1845 972 1887 ad
1006 1846 1176 1900 patrios
1202 1845 1390 1888 barbara
1414 1845 1564 1900 praeda
1589 1845 1719 1888 deos»

229 1928 272 1967 et
298 1924 420 1966 Rem.
458 1926 563 1966 158:
597 1924 677 1966 «Et
701 1925 817 1966 refer
841 1923 898 1966 ad
935 1924 1105 1978 patrios
1136 1923 1242 1965 bina
1279 1925 1449 1978 tropaea
1473 1923 1621 1974 deos»,
1649 1923 1725 1966 ubi

229 2002 413 2045 Ovidius
445 2003 647 2044 imitatur
682 2002 810 2055 Pr0p.
850 2001 905 2044 IL
948 2003 1017 2051 30,
1059 2003 1140 2044 22:
1185 2001 1266 2042 «Et
1306 2002 1418 2043 ferre
1460 2000 1516 2043 ad
1557 2002 1727 2055 patrios

230 2080 414 2134 praemia
439 2079 535 2121 dira
560 2079 739 2121 Lares».
758 2103 817 2108 -
831 2089 1102 2135 premamus,
1131 2091 1188 2120 sc.
1217 2078 1349 2120 malis
1374 2078 1653 2120 lustratione.
1669 2102 1728 2108 —

232 2169 356 2214 seqes
381 2156 537 2199 eludat
560 2169 755 2200 messem
778 2155 1027 2213 fallacibus
1046 2154 1208 2205 herbis,
1232 2158 1366 2210 poeta
1381 2156 1583 2198 imitatur
1598 2155 1725 2210 Verg.

234 2233 310 2284 Ge.
338 2234 371 2276 I.
403 2235 665 2277 225—0226:
698 2233 800 2276 «sed
835 2233 939 2275 illos
979 2218 1243 2288 Exspectata
1279 2245 1405 2285 seges
1441 2233 1569 2274 vanis
1596 2232 1729 2274 elusit

234 2312 411 2354 avenis»
436 2326 446 2360 ;
475 2311 526 2352 cf.
555 2310 663 2353 Hor.
692 2310 834 2370 Carm.
862 2310 917 2352 IL
952 2311 987 2359 1,
1016 2310 1097 2352 30:
1131 2309 1425 2363 «Fundusque
1449 2308 1662 2351 mendax»
1686 2312 1730 2352 et

233 2387 266 2430 L
296 2388 335 2438 7,
363 2389 447 2430 87:
492 2385 650 2441 «Spem
681 2387 868 2429 mentita
896 2400 1063 2440 seges».
1104 2385 1328 2428 Tibullum
1364 2386 1532 2427 imitari
1557 2385 1732 2428 videtur

235 2465 311 2508 Ov.
339 2465 458 2507 Fast.
487 2464 558 2506 IV.
588 2466 700 2507 645:
748 2462 897 2519 «Saepe
923 2463 1055 2507 Ceres
1080 2463 1238 2518 primis
1277 2462 1510 2504 dominum
1549 2463 1732 2505 fallebat

235 2542 284 2584 in
309 2541 501 2584 herbis».
532 2566 588 2570 —
613 2539 779 2587 herbis.
805 2540 953 2583 herbae
979 2544 1083 2582 sunt
1109 2541 1157 2582 in
1184 2544 1331 2593 segete
1349 2540 1510 2582 calami
1535 2540 1731 2582 virentes

235 2622 436 2674 tempore
453 2619 583 2667 veris,
612 2617 687 2672 qui
715 2618 859 2671 spicas
884 2616 1085 2659 nondum
1101 2617 1293 2666 habent;
1322 2617 1438 2658 unde
1456 2617 1617 2658 dicitur
1636 2616 1730 2668 (Ov.

236 2695 342 2738 Her.
381 2697 446 2745 17,
476 2697 602 2746 263):
635 2694 804 2736 «adhuc
828 2697 906 2737 tua
930 2695 1090 2736 messis
1106 2694 1153 2735 in
1179 2694 1318 2736 herba
1344 2696 1450 2736 est».
1475 2717 1533 2723 —
1556 2691 1734 2735 tardior
