1942 3132
251 224 318 258 130
819 238 876 267 AD
895 239 927 267 1.
946 237 985 275 11,
1013 236 1178 266 11—14.

251 353 303 394 de
328 356 454 406 parte
481 356 695 395 coronant
720 354 921 408 Binaque
962 358 1076 399 serta
1115 355 1197 395 tibi
1235 354 1428 408 binaque
1453 355 1546 396 liba
1573 356 1747 396 ferunt»

252 433 294 472 et
319 430 519 473 Lactant.
547 432 644 472 Div.
673 431 782 473 Inst.
809 432 842 474 I.
872 433 941 481 ΞΟ,
968 433 1039 472 41.
1069 431 1121 472 de
1148 431 1381 473 Termino:
1415 431 1494 472 «Et
1519 431 1623 472 huic
1650 444 1754 484 ergo

250 505 427 559 publice
454 507 732 560 supplicatur
757 507 884 560 quasi
918 507 1089 549 custodi
1128 506 1287 548 finium
1313 506 1407 555 deo,
1437 508 1512 560 qui
1538 520 1632 549 non
1657 509 1754 548 tan-

249 583 345 622 tum
372 582 503 635 lapis,
531 582 610 623 sed
636 583 770 624 etiam
811 583 949 636 stipes
987 582 1212 624 interdum
1240 584 1348 623 est».
1377 607 1435 610 —
1461 582 1682 633 desertus,
1708 582 1756 622 in

252 658 523 712 infrequenti
550 660 647 701 loco
676 660 865 713 positus,
893 662 943 701 ut
968 661 1058 701 fere
1086 660 1281 701 termini.
1310 683 1368 687 —
1394 661 1521 701 vetus
1548 658 1595 701 in
1625 658 1756 700 trivio

250 768 260 777 .
289 768 299 777 .
328 768 338 777 .
369 736 502 790 lapis,
539 737 622 778 hoc
655 738 754 778 loco
794 738 884 778 iam
922 750 1015 778 non
1055 740 1121 778 est
1161 737 1212 777 de
1239 736 1433 777 termino
1473 736 1758 789 cogitandum

252 813 420 862 (nullus
449 814 570 855 enim
599 814 647 855 in
673 813 957 870 triviolocu's
983 814 1204 865 termino),
1235 813 1310 854 sed
1337 812 1630 866 intellegendi
1657 814 1761 854 sunt

254 890 426 944 lapides
467 892 591 940 sacri,
621 892 820 946 reliquiae
858 891 1092 945 religionis
1128 891 1464 944 antiquissimae,
1493 890 1653 943 quibus
1679 902 1761 930 nu-

254 979 359 1007 men
386 967 566 1008 iunesse
585 969 807 1021 putabant
835 967 1007 1020 antiqui
1023 981 1033 1015 ;
1062 979 1138 1007 eos
1165 967 1215 1008 in
1239 966 1383 1008 triviis
1411 966 1548 1007 fuisse
1575 967 1765 1006 testatur

260 1043 395 1084 etiam
442 1044 662 1098 Theophr.
704 1044 832 1087 Char.
879 1046 959 1094 16.,
1000 1043 1077 1085 ubi
1119 1043 1172 1084 de
1221 1044 1404 1084 homine
1453 1042 1763 1096 superstitioso

256 1117 387 1160 dicit:
427 1127 502 1160 τῶν
541 1121 723 1176 λιπαρῶν
762 1121 894 1162 λίθων
932 1127 1008 1161 τῶν
1035 1118 1089 1161 ’ἐν
1116 1125 1204 1166 ταῖς
1233 1119 1409 1174 τριόδοις
1435 1120 1591 1173 παριὼν
1619 1117 1667 1159 ἐκ
1690 1123 1769 1172 τῆς·

258 1195 444 1250 ληκύθου
471 1196 610 1238 ἔλαιον
637 1202 835 1253 καταχεῖν
861 1199 933 1239 καὶ
961 1196 1023 1238 ἐπὶ
1048 1199 1199 1250 γόνατα
1225 1199 1359 1239 πεσὼν
1381 1198 1454 1238 καὶ
1475 1198 1766 1251 προσκυνήσας

264 1270 632 1324 ἀπαλλάττεσθαι;
660 1275 1105 1317 Lucian.'Alexandr.
1135 1288 1168 1315 c.
1200 1275 1281 1316 30:
1309 1271 1346 1315 εἰ
1378 1276 1498 1330 μόνον
1538 1270 1767 1328 ἀληλιμμέ-

262 1363 328 1390 νον
366 1365 442 1392 που
481 1353 600 1393 λίθον
627 1351 652 1408 ἢ
682 1351 1018 1409 ἐστεφανώμενον
1056 1353 1275 1402 θεάσαιτο,
1313 1353 1567 1406 προσπίπτων
1607 1348 1672 1391 ἀεὶ
1697 1351 1770 1391 καὶ

268 1433 527 1479 προσκυνῶν;
555 1427 683 1481 Apul.
717 1428 833 1469 Flor.
869 1429 917 1469 1:
951 1427 1126 1481 «Neque
1153 1428 1274 1468 enim
1313 1427 1474 1468 iustius
1513 1424 1769 1478 religiosam

263 1515 435 1544 moram
461 1505 623 1546 viatori
651 1505 861 1546 obiecerit
888 1538 897 1546 .
927 1538 936 1546 .
965 1537 975 1546 .
1004 1505 1120 1558 lapis
1148 1505 1346 1558 unguine
1373 1503 1640 1544 delibutus».
1660 1501 1768 1542 Eos-

265 1578 365 1620 dem
391 1580 563 1633 lapides
589 1584 945 1624 commemorant
970 1583 1096 1624 Lucr.
1125 1582 1174 1624 V.
1209 1583 1346 1624 1198:
1369 1582 1482 1623 «Nec
1506 1562 1651 1635 pietas
1677 1578 1771 1619 ulla

266 1656 333 1695 est
356 1656 553 1698 velatum
593 1671 708 1711 saepe
745 1658 886 1700 videri
910 1658 1085 1700 Vei-tier
1125 1658 1179 1699 ad
1217 1658 1415 1710 lapidem
1455 1660 1585 1710 atque
1613 1665 1769 1696 omnes

266 1731 472 1773 accedere
513 1732 568 1774 ad
606 1747 729 1775 aras»
763 1737 806 1775 et
831 1735 958 1788 Prop.
987 1734 1019 1775 I.
1048 1735 1088 1783 4,
1119 1735 1320 1775 23—24:
1354 1733 1534 1773 «Nullas
1561 1732 1651 1772 'illa
1679 1729 1771 1771 suis

266 1809 524 1850 contemnet
548 1809 727 1852 fletibus
754 1824 852 1852 aras
878 1811 936 1853 Et
962 1812 1228 1865 quicumque
1269 1823 1393 1852 sacer
1431 1809 1575 1864 qualis
1606 1807 1772 1861 ubique

265 1884 424 1937 lapis».
451 1910 508 1914 —
546 1886 715 1941 florida
754 1890 889 1938 serta,
931 1888 1090 1943 quibus
1128 1888 1191 1942 pii
1230 1889 1437 1930 homines
1474 1887 1692 1948 terminos
1729 1887 1773 1927 et

267 1960 440 2015 lapides
483 1977 631 2006 sacros
674 1966 895 2007 ornabant
908 1980 918 2015 ;
961 1967 1013 2007 cf.
1055 1966 1174 2007 infra
1211 1966 1242 2007 I.
1287 1967 1325 2014 2,
1372 1966 1448 2007 14:
1489 1976 1614 2005 «cum
1654 1963 1774 2017 posti

269 2035 427 2085 florida
467 2041 584 2081 serta
622 2023 817 2083 darem».
846 2066 904 2070 ——-
929 2040 1110 2097 florida,
1151 2042 1213 2082 ut‘
1232 2040 1392 2083 Catull.
1422 2042 1491 2090 63,
1522 2041 1603 2082 66:
1636 2038 1775 2079 «Mihi

269 2110 439 2155 floridis
466 2115 645 2157 corollis
672 2116 879 2159 redimita
906 2116 1063 2159 domus
1092 2119 1209 2158 erat»
1242 2120 1286 2157 et
1313 2116 1390 2159 Ov.
1417 2117 1536 2158 Fast.
1564 2115 1637 2157 VI.
1662 2115 1774 2155 312:

274 2187 354 2229 «Et
393 2189 546 2232 velant
586 2192 763 2234 scabras
803 2192 962 2234 florida
1003 2195 1121 2235 serta
1162 2193 1348 2235 molas».
1382 2216 1441 2221 —
1466 2203 1733 2248 pomum..
1764 2221 1774 2231 .

272 2263 444 2316 educat,
479 2272 613 2321 poeta
640 2273 742 2312 ante
782 2271 935 2312 oculos
969 2271 1181 2312 habuisse
1207 2269 1381 2311 videtur
1408 2268 1566 2311 Catull.
1595 2270 1663 2317 62,
1691 2269 1775 2310 41:

277 2339 385 2382 «fios
412 2375 422 2384 .
449 2375 458 2384 .
486 2377 495 2385 .
528 2343 669 2395 Quem
708 2347 907 2388 mulcent
944 2361 1074 2397 aurae,
1115 2347 1263 2388 firmat
1304 2347 1382 2395 sol,
1412 2346 1570 2387 educat
1604 2344 1770 2386 imber»

274 2419 318 2458 et
341 2418 445 2460 ibid.
474 2421 678 2464 49—501
702 2423 784 2465 «Ut
800 2423 934 2465 vidua
959 2425 1008 2465 in
1033 2425 1153 2466 nudo
1180 2425 1285 2467 vitis
1311 2438 1407 2478 quae
1433 2423 1632 2465 nascitur
1656 2434 1773 2470 arvo,

238 2483 240 2485 ¹
274 2492 512 2547 Nunquam
541 2511 586 2538 se
615 2500 797 2549 extollit,
838 2514 1070 2554 nunquam
1107 2502 1263 2543 mitem
1302 2501 1459 2543 educat
1496 2513 1673 2548 uvam»;
1708 2498 1777 2540 Ti-

275 2569 449 2612 bullum
486 2572 691 2615 imitatur
717 2575 792 2617 Ov.
821 2576 886 2618 Ex
910 2577 1036 2618 Pont.
1064 2577 1097 2619 Ι.
1128 2579 1166 2627 3,
1195 2579 1278 2620 51:
1312 2578 1435 2619 «Non
1461 2588 1564 2630 ager
1600 2577 1673 2618 hic
1699 2590 1776 2630 po-

277 2660 412 2698 mum,
455 2662 549 2690 non
589 2651 741 2693 dulces
784 2653 941 2695 educat
982 2654 1184 2696 herbas».
1225 2679 1284 2683 —-
1322 2663 1465 2697 novus
1489 2685 1500 2695 .
1528 2686 1538 2695 .
1567 2686 1576 2695 .
1612 2665 1777 2704 annus,

277 2738 394 2766 nova
413 2738 522 2779 pars
550 2727 640 2768 sive
680 2741 847 2770 novum
885 2733 1063 2784 tempus
1101 2732 1211 2773 anni
1236 2731 1503 2785 (Hungarice
1531 2743 1586 2772 az
1623 2730 1674 2785 ά]
1701 2729 1778 2774 e'v-
