<?xml version="1.0" encoding="UTF-8"?>
<!DOCTYPE html PUBLIC "-//W3C//DTD XHTML 1.0 Transitional//EN"
    "http://www.w3.org/TR/xhtml1/DTD/xhtml1-transitional.dtd">
<html xmlns="http://www.w3.org/1999/xhtml" xml:lang="en" lang="en">
 <head>
  <title>
</title>
<meta http-equiv="Content-Type" content="text/html;charset=utf-8" />
  <meta name='ocr-system' content='tesseract 3.04.00' />
  <meta name='ocr-capabilities' content='ocr_page ocr_carea ocr_par ocr_line ocrx_word'/>
</head>
<body>
  <div class='ocr_page' id='page_1' title='image "./carminaaccedunts00tibuuoft_0118.png"; bbox 0 0 1942 3132; ppageno 0'>
   <div class='ocr_carea' id='block_1_1' title="bbox 236 204 1162 257">
    <p class='ocr_par' dir='ltr' id='par_1_1' title="bbox 236 204 1162 257">
     <span class='ocr_line' id='line_1_1' title="bbox 236 204 1162 257; baseline 0.014 -20"><span class='ocrx_word' id='word_1_1' title='bbox 236 204 303 238; x_wconf 84' lang='lat'><em>114</em></span> <span class='ocrx_word' id='word_1_2' title='bbox 804 220 918 249; x_wconf 66' lang='lat' dir='ltr'><em>Ani.-</em></span> <span class='ocrx_word' id='word_1_3' title='bbox 935 219 969 257; x_wconf 84' lang='lat'><em>3,</em></span> <span class='ocrx_word' id='word_1_4' title='bbox 997 219 1162 250; x_wconf 67' lang='lat'><strong>15—22.</strong></span> 
     </span>
    </p>
   </div>
   <div class='ocr_carea' id='block_1_2' title="bbox 228 332 1757 2769">
    <p class='ocr_par' dir='ltr' id='par_1_2' title="bbox 228 332 1752 2142">
     <span class='ocr_line' id='line_1_2' title="bbox 236 332 1737 392; baseline 0.004 -16"><span class='ocrx_word' id='word_1_5' title='bbox 236 333 445 386; x_wconf 80' lang='lat' dir='ltr'><em>sortilega</em></span> <span class='ocrx_word' id='word_1_6' title='bbox 481 333 589 375; x_wconf 91' lang='lat' dir='ltr'><em>Hor.</em></span> <span class='ocrx_word' id='word_1_7' title='bbox 620 332 709 375; x_wconf 82' lang='lat' dir='ltr'><em>Sat.</em></span> <span class='ocrx_word' id='word_1_8' title='bbox 736 334 770 376; x_wconf 95' lang='grc' dir='ltr'><strong>Ι.</strong></span> <span class='ocrx_word' id='word_1_9' title='bbox 799 337 838 385; x_wconf 85' lang='grc'><em>9,</em></span> <span class='ocrx_word' id='word_1_10' title='bbox 868 337 1074 378; x_wconf 66' lang='lat'>29—30:</span> <span class='ocrx_word' id='word_1_11' title='bbox 1109 334 1311 379; x_wconf 84' lang='lat' dir='ltr'><em>«Sabella</em></span> <span class='ocrx_word' id='word_1_12' title='bbox 1339 337 1466 389; x_wconf 84' lang='lat' dir='ltr'><em>Quod</em></span> <span class='ocrx_word' id='word_1_13' title='bbox 1503 352 1641 392; x_wconf 91' lang='lat' dir='ltr'><em>puero</em></span> <span class='ocrx_word' id='word_1_14' title='bbox 1669 354 1737 382; x_wconf 86' lang='lat' dir='ltr'><em>ee-</em></span> 
     </span>
     <span class='ocr_line' id='line_1_3' title="bbox 236 411 1736 459; baseline 0.005 -7"><span class='ocrx_word' id='word_1_15' title='bbox 236 411 346 453; x_wconf 69' lang='grc'>011111</span> <span class='ocrx_word' id='word_1_16' title='bbox 370 411 522 453; x_wconf 81' lang='lat' dir='ltr'><em>divina</em></span> <span class='ocrx_word' id='word_1_17' title='bbox 548 415 672 453; x_wconf 79' lang='lat' dir='ltr'><em>mota,</em></span> <span class='ocrx_word' id='word_1_18' title='bbox 698 426 811 455; x_wconf 79' lang='lat' dir='ltr'><em>anus</em></span> <span class='ocrx_word' id='word_1_19' title='bbox 837 427 992 455; x_wconf 83' lang='lat' dir='ltr'><em>urna».</em></span> <span class='ocrx_word' id='word_1_20' title='bbox 1020 413 1105 455; x_wconf 89' lang='lat' dir='ltr'><em>His</em></span> <span class='ocrx_word' id='word_1_21' title='bbox 1131 414 1309 456; x_wconf 80' lang='lat' dir='ltr'><em>vatibus</em></span> <span class='ocrx_word' id='word_1_22' title='bbox 1337 418 1404 456; x_wconf 85' lang='lat' dir='ltr'><em>est</em></span> <span class='ocrx_word' id='word_1_23' title='bbox 1431 415 1736 459; x_wconf 30' lang='lat' dir='ltr'><em>‘adnumeran-</em></span> 
     </span>
     <span class='ocr_line' id='line_1_4' title="bbox 234 488 1739 548; baseline 0.005 -19"><span class='ocrx_word' id='word_1_24' title='bbox 234 488 317 530; x_wconf 93' lang='lat' dir='ltr'><em>dus</em></span> <span class='ocrx_word' id='word_1_25' title='bbox 344 489 479 530; x_wconf 84' lang='lat' dir='ltr'><em>etiam</em></span> <span class='ocrx_word' id='word_1_26' title='bbox 517 502 629 542; x_wconf 89' lang='lat' dir='ltr'><em>puer</em></span> <span class='ocrx_word' id='word_1_27' title='bbox 666 489 904 543; x_wconf 83' lang='lat' dir='ltr'><em>sortilegus</em></span> <span class='ocrx_word' id='word_1_28' title='bbox 929 490 1080 532; x_wconf 86' lang='lat' dir='ltr'><em>Deliae.</em></span> <span class='ocrx_word' id='word_1_29' title='bbox 1109 515 1168 518; x_wconf 85' lang='lat'>—</span> <span class='ocrx_word' id='word_1_30' title='bbox 1194 493 1355 545; x_wconf 74' lang='lat' dir='ltr'><em>sortes,</em></span> <span class='ocrx_word' id='word_1_31' title='bbox 1381 492 1433 534; x_wconf 83' lang='lat' dir='ltr'><em>ef.</em></span> <span class='ocrx_word' id='word_1_32' title='bbox 1464 492 1563 535; x_wconf 85' lang='lat' dir='ltr'><em>adn.</em></span> <span class='ocrx_word' id='word_1_33' title='bbox 1605 508 1739 548; x_wconf 83' lang='lat' dir='ltr'><em>supra</em></span> 
     </span>
     <span class='ocr_line' id='line_1_5' title="bbox 239 564 1741 620; baseline 0.005 -15"><span class='ocrx_word' id='word_1_34' title='bbox 239 564 294 605; x_wconf 77' lang='lat' dir='ltr'><em>ad</em></span> <span class='ocrx_word' id='word_1_35' title='bbox 318 564 352 605; x_wconf 94' lang='grc' dir='ltr'><strong>Ι.</strong></span> <span class='ocrx_word' id='word_1_36' title='bbox 382 565 421 613; x_wconf 84' lang='grc'><em>8,</em></span> <span class='ocrx_word' id='word_1_37' title='bbox 453 565 490 606; x_wconf 84' lang='grc'><strong>3.</strong></span> <span class='ocrx_word' id='word_1_38' title='bbox 518 589 578 593; x_wconf 87' lang='lat'>—</span> <span class='ocrx_word' id='word_1_39' title='bbox 604 564 803 615; x_wconf 79' lang='lat' dir='ltr'><em>sustulit,</em></span> <span class='ocrx_word' id='word_1_40' title='bbox 831 566 1010 620; x_wconf 83' lang='lat' dir='ltr'>proprie</span> <span class='ocrx_word' id='word_1_41' title='bbox 1049 566 1211 607; x_wconf 85' lang='lat' dir='ltr'><em>dieitur</em></span> <span class='ocrx_word' id='word_1_42' title='bbox 1249 567 1303 608; x_wconf 92' lang='lat' dir='ltr'><em>de</em></span> <span class='ocrx_word' id='word_1_43' title='bbox 1342 568 1535 610; x_wconf 86' lang='lat' dir='ltr'><em>sortibus</em></span> <span class='ocrx_word' id='word_1_44' title='bbox 1562 583 1614 610; x_wconf 84' lang='lat' dir='ltr'><em>ex</em></span> <span class='ocrx_word' id='word_1_45' title='bbox 1639 584 1741 612; x_wconf 80' lang='lat' dir='ltr'><em>area</em></span> 
     </span>
     <span class='ocr_line' id='line_1_6' title="bbox 238 639 1741 697; baseline 0.005 -16"><span class='ocrx_word' id='word_1_46' title='bbox 238 640 396 690; x_wconf 81' lang='lat' dir='ltr'><em>ductis,</em></span> <span class='ocrx_word' id='word_1_47' title='bbox 424 643 474 682; x_wconf 86' lang='lat' dir='ltr'><em>ut</em></span> <span class='ocrx_word' id='word_1_48' title='bbox 501 639 586 683; x_wconf 84' lang='lat' dir='ltr'><em>Cio.</em></span> <span class='ocrx_word' id='word_1_49' title='bbox 615 641 680 683; x_wconf 92' lang='lat' dir='ltr'><em>De</em></span> <span class='ocrx_word' id='word_1_50' title='bbox 708 641 792 684; x_wconf 83' lang='lat' dir='ltr'><em>div.</em></span> <span class='ocrx_word' id='word_1_51' title='bbox 815 642 881 684; x_wconf 92' lang='lat' dir='ltr'><strong>II..</strong></span> <span class='ocrx_word' id='word_1_52' title='bbox 901 643 983 685; x_wconf 80' lang='lat'><em>86:</em></span> <span class='ocrx_word' id='word_1_53' title='bbox 1018 659 1032 681; x_wconf 89' lang='lat'>«</span> <span class='ocrx_word' id='word_1_54' title='bbox 1044 645 1195 689; x_wconf 77' lang='lat' dir='ltr'><em>sortes.</em></span> <span class='ocrx_word' id='word_1_55' title='bbox 1238 657 1334 697; x_wconf 78' lang='lat' dir='ltr'><em>quee</em></span> <span class='ocrx_word' id='word_1_56' title='bbox 1372 644 1504 686; x_wconf 91' lang='lat' dir='ltr'><em>hodie</em></span> <span class='ocrx_word' id='word_1_57' title='bbox 1530 645 1741 688; x_wconf 67' lang='lat' dir='ltr'><em>Fortunae</em></span> 
     </span>
     <span class='ocr_line' id='line_1_7' title="bbox 237 712 1741 774; baseline 0.004 -17"><span class='ocrx_word' id='word_1_58' title='bbox 237 718 414 758; x_wconf 86' lang='lat' dir='ltr'><em>monitu</em></span> <span class='ocrx_word' id='word_1_59' title='bbox 452 717 714 759; x_wconf 88' lang='lat' dir='ltr'><em>tolluntur».</em></span> <span class='ocrx_word' id='word_1_60' title='bbox 743 742 802 747; x_wconf 89' lang='lat'>—</span> <span class='ocrx_word' id='word_1_61' title='bbox 828 731 850 761; x_wconf 85' lang='lat' dir='ltr'><em>e</em></span> <span class='ocrx_word' id='word_1_62' title='bbox 875 718 1038 770; x_wconf 77' lang='lat' dir='ltr'><em>triviis,</em></span> <span class='ocrx_word' id='word_1_63' title='bbox 1080 712 1266 773; x_wconf 86' lang='lat' dir='ltr'><em>epitheti</em></span> <span class='ocrx_word' id='word_1_64' title='bbox 1292 720 1425 762; x_wconf 89' lang='lat' dir='ltr'><em>modo</em></span> <span class='ocrx_word' id='word_1_65' title='bbox 1464 721 1741 774; x_wconf 84' lang='lat' dir='ltr'><em>iungendum</em></span> 
     </span>
     <span class='ocr_line' id='line_1_8' title="bbox 236 794 1743 848; baseline 0.004 -14"><span class='ocrx_word' id='word_1_66' title='bbox 236 807 338 834; x_wconf 87' lang='lat' dir='ltr'><em>eum</em></span> <span class='ocrx_word' id='word_1_67' title='bbox 357 806 491 848; x_wconf 76' lang='lat' dir='ltr'><em>puer,</em></span> <span class='ocrx_word' id='word_1_68' title='bbox 517 794 546 835; x_wconf 92' lang='lat' dir='ltr'><em>i.</em></span> <span class='ocrx_word' id='word_1_69' title='bbox 567 807 601 835; x_wconf 91' lang='lat' dir='ltr'><em>e.</em></span> <span class='ocrx_word' id='word_1_70' title='bbox 620 807 743 847; x_wconf 90' lang='lat' dir='ltr'><em>puer,</em></span> <span class='ocrx_word' id='word_1_71' title='bbox 773 795 847 848; x_wconf 92' lang='lat' dir='ltr'><em>qui</em></span> <span class='ocrx_word' id='word_1_72' title='bbox 873 795 922 835; x_wconf 73' lang='lat' dir='ltr'><em>in</em></span> <span class='ocrx_word' id='word_1_73' title='bbox 946 796 1092 837; x_wconf 75' lang='lat' dir='ltr'><em>triviis</em></span> <span class='ocrx_word' id='word_1_74' title='bbox 1117 797 1353 838; x_wconf 82' lang='lat' dir='ltr'><em>vaticinari</em></span> <span class='ocrx_word' id='word_1_75' title='bbox 1380 797 1515 847; x_wconf 86' lang='lat' dir='ltr'><em>solet;</em></span> <span class='ocrx_word' id='word_1_76' title='bbox 1543 799 1596 840; x_wconf 86' lang='lat' dir='ltr'><em>cf.</em></span> <span class='ocrx_word' id='word_1_77' title='bbox 1624 799 1743 841; x_wconf 78' lang='lat' dir='ltr'><em>infra.</em></span> 
     </span>
     <span class='ocr_line' id='line_1_9' title="bbox 235 862 1740 923; baseline 0.005 -13"><span class='ocrx_word' id='word_1_78' title='bbox 235 869 336 910; x_wconf 85' lang='lat' dir='ltr'><em>adn.</em></span> <span class='ocrx_word' id='word_1_79' title='bbox 367 869 422 910; x_wconf 85' lang='lat' dir='ltr'><em>ad</em></span> <span class='ocrx_word' id='word_1_80' title='bbox 446 870 480 911; x_wconf 90' lang='lat' dir='ltr'><em>I.</em></span> <span class='ocrx_word' id='word_1_81' title='bbox 510 871 549 919; x_wconf 87' lang='lat'><em>5,</em></span> <span class='ocrx_word' id='word_1_82' title='bbox 578 871 661 912; x_wconf 86' lang='lat'><em>57:</em></span> <span class='ocrx_word' id='word_1_83' title='bbox 694 884 742 911; x_wconf 89' lang='lat' dir='ltr'><em>«e</em></span> <span class='ocrx_word' id='word_1_84' title='bbox 767 862 942 913; x_wconf 51' lang='grc' dir='ltr'><em>11117113»ν</em></span> <span class='ocrx_word' id='word_1_85' title='bbox 968 874 1012 913; x_wconf 89' lang='lat' dir='ltr'><em>et</em></span> <span class='ocrx_word' id='word_1_86' title='bbox 1038 871 1123 914; x_wconf 77' lang='lat' dir='ltr'><em>Cic.</em></span> <span class='ocrx_word' id='word_1_87' title='bbox 1152 873 1216 914; x_wconf 93' lang='lat' dir='ltr'><em>De</em></span> <span class='ocrx_word' id='word_1_88' title='bbox 1243 874 1328 916; x_wconf 88' lang='lat' dir='ltr'><em>div.</em></span> <span class='ocrx_word' id='word_1_89' title='bbox 1357 874 1389 914; x_wconf 93' lang='grc' dir='ltr'><em>Ι.</em></span> <span class='ocrx_word' id='word_1_90' title='bbox 1420 875 1489 923; x_wconf 87' lang='grc'><em>58,</em></span> <span class='ocrx_word' id='word_1_91' title='bbox 1523 875 1630 917; x_wconf 73' lang='lat'><strong>132:</strong></span> <span class='ocrx_word' id='word_1_92' title='bbox 1664 876 1740 918; x_wconf 89' lang='lat' dir='ltr'><em>«de</em></span> 
     </span>
     <span class='ocr_line' id='line_1_10' title="bbox 238 945 1743 1002; baseline 0.005 -17"><span class='ocrx_word' id='word_1_93' title='bbox 238 945 354 986; x_wconf 79' lang='lat' dir='ltr'><em>circo</em></span> <span class='ocrx_word' id='word_1_94' title='bbox 393 946 647 998; x_wconf 75' lang='lat' dir='ltr'><em>astrologi».</em></span> <span class='ocrx_word' id='word_1_95' title='bbox 676 971 735 975; x_wconf 88' lang='lat'><strong>—</strong></span> <span class='ocrx_word' id='word_1_96' title='bbox 761 948 921 990; x_wconf 69' lang='lat' dir='ltr'><em>omnia</em></span> <span class='ocrx_word' id='word_1_97' title='bbox 959 950 1095 1000; x_wconf 80' lang='lat' dir='ltr'><em>certa,</em></span> <span class='ocrx_word' id='word_1_98' title='bbox 1122 949 1148 990; x_wconf 92' lang='lat' dir='ltr'><em>i.</em></span> <span class='ocrx_word' id='word_1_99' title='bbox 1192 963 1226 990; x_wconf 91' lang='lat' dir='ltr'><em>e.</em></span> <span class='ocrx_word' id='word_1_100' title='bbox 1261 963 1372 1002; x_wconf 85' lang='lat' dir='ltr'><em>puer</em></span> <span class='ocrx_word' id='word_1_101' title='bbox 1408 949 1547 992; x_wconf 86' lang='lat' dir='ltr'><em>Deliae</em></span> <span class='ocrx_word' id='word_1_102' title='bbox 1587 965 1743 994; x_wconf 87' lang='lat' dir='ltr'><em>omnes</em></span> 
     </span>
     <span class='ocr_line' id='line_1_11' title="bbox 239 1023 1743 1077; baseline 0.004 -13"><span class='ocrx_word' id='word_1_103' title='bbox 239 1024 381 1064; x_wconf 81' lang='lat' dir='ltr'><em>sortes</em></span> <span class='ocrx_word' id='word_1_104' title='bbox 418 1023 482 1063; x_wconf 84' lang='lat' dir='ltr'><em>ita</em></span> <span class='ocrx_word' id='word_1_105' title='bbox 519 1023 840 1077; x_wconf 78' lang='lat' dir='ltr'><em>interpretatus</em></span> <span class='ocrx_word' id='word_1_106' title='bbox 880 1027 958 1074; x_wconf 91' lang='lat' dir='ltr'><em>est,</em></span> <span class='ocrx_word' id='word_1_107' title='bbox 987 1028 1038 1066; x_wconf 91' lang='lat' dir='ltr'><em>ut</em></span> <span class='ocrx_word' id='word_1_108' title='bbox 1065 1039 1125 1066; x_wconf 88' lang='lat' dir='ltr'><em>eae</em></span> <span class='ocrx_word' id='word_1_109' title='bbox 1153 1029 1322 1067; x_wconf 84' lang='lat' dir='ltr'><em>eertum</em></span> <span class='ocrx_word' id='word_1_110' title='bbox 1348 1027 1511 1068; x_wconf 83' lang='lat' dir='ltr'><em>Tibulli</em></span> <span class='ocrx_word' id='word_1_111' title='bbox 1549 1028 1743 1070; x_wconf 86' lang='lat' dir='ltr'><em>reditum</em></span> 
     </span>
     <span class='ocr_line' id='line_1_12' title="bbox 237 1099 1744 1151; baseline 0.005 -12"><span class='ocrx_word' id='word_1_112' title='bbox 237 1099 567 1151; x_wconf 88' lang='lat' dir='ltr'><em>portenderent.</em></span> <span class='ocrx_word' id='word_1_113' title='bbox 598 1099 804 1142; x_wconf 87' lang='lat' dir='ltr'><em>Ceterum</em></span> <span class='ocrx_word' id='word_1_114' title='bbox 832 1101 990 1143; x_wconf 72' lang='lat' dir='ltr'><em>omnia</em></span> <span class='ocrx_word' id='word_1_115' title='bbox 1018 1104 1084 1143; x_wconf 88' lang='lat' dir='ltr'><em>est</em></span> <span class='ocrx_word' id='word_1_116' title='bbox 1109 1102 1241 1143; x_wconf 78' lang='lat' dir='ltr'><em>lectio</em></span> <span class='ocrx_word' id='word_1_117' title='bbox 1269 1103 1433 1145; x_wconf 80' lang='lat' dir='ltr'><em>codicis</em></span> <span class='ocrx_word' id='word_1_118' title='bbox 1458 1104 1744 1146; x_wconf 81' lang='lat' dir='ltr'><em>Ambrosiani</em></span> 
     </span>
     <span class='ocr_line' id='line_1_13' title="bbox 242 1174 1744 1231; baseline 0.005 -16"><span class='ocrx_word' id='word_1_119' title='bbox 242 1177 285 1215; x_wconf 86' lang='lat' dir='ltr'><em>et</em></span> <span class='ocrx_word' id='word_1_120' title='bbox 311 1174 540 1225; x_wconf 81' lang='lat' dir='ltr'><em>Vaticani3</em></span> <span class='ocrx_word' id='word_1_121' title='bbox 582 1190 816 1229; x_wconf 85' lang='lat' dir='ltr'>perperam</span> <span class='ocrx_word' id='word_1_122' title='bbox 855 1178 934 1218; x_wconf 80' lang='lat' dir='ltr'><em>alii</em></span> <span class='ocrx_word' id='word_1_123' title='bbox 971 1178 1153 1231; x_wconf 84' lang='lat' dir='ltr'><em>legunt:</em></span> <span class='ocrx_word' id='word_1_124' title='bbox 1182 1179 1353 1229; x_wconf 76' lang='lat' dir='ltr'><em>omina,</em></span> <span class='ocrx_word' id='word_1_125' title='bbox 1380 1192 1487 1220; x_wconf 78' lang='lat' dir='ltr'><em>nam</em></span> <span class='ocrx_word' id='word_1_126' title='bbox 1514 1181 1744 1222; x_wconf 82' lang='lat' dir='ltr'><em>oraculum</em></span> 
     </span>
     <span class='ocr_line' id='line_1_14' title="bbox 234 1252 1745 1306; baseline 0.005 -15"><span class='ocrx_word' id='word_1_127' title='bbox 234 1252 373 1292; x_wconf 85' lang='lat' dir='ltr'><em>sortis</em></span> <span class='ocrx_word' id='word_1_128' title='bbox 399 1261 493 1293; x_wconf 86' lang='lat' dir='ltr'><em>non</em></span> <span class='ocrx_word' id='word_1_129' title='bbox 519 1256 702 1294; x_wconf 79' lang='lat' dir='ltr'><em>vocatur</em></span> <span class='ocrx_word' id='word_1_130' title='bbox 729 1267 872 1296; x_wconf 89' lang='lat' dir='ltr'><em>omen.</em></span> <span class='ocrx_word' id='word_1_131' title='bbox 903 1253 965 1295; x_wconf 82' lang='lat' dir='ltr'><em>Of.</em></span> <span class='ocrx_word' id='word_1_132' title='bbox 996 1253 1082 1296; x_wconf 81' lang='lat' dir='ltr'><em>Cic.</em></span> <span class='ocrx_word' id='word_1_133' title='bbox 1111 1254 1177 1295; x_wconf 92' lang='lat' dir='ltr'><em>De</em></span> <span class='ocrx_word' id='word_1_134' title='bbox 1205 1255 1289 1296; x_wconf 88' lang='lat' dir='ltr'><em>div.</em></span> <span class='ocrx_word' id='word_1_135' title='bbox 1317 1255 1373 1296; x_wconf 88' lang='grc' dir='ltr'><strong>ΙΙ.</strong></span> <span class='ocrx_word' id='word_1_136' title='bbox 1395 1257 1463 1297; x_wconf 85' lang='lat'><em>83.</em></span> <span class='ocrx_word' id='word_1_137' title='bbox 1495 1259 1538 1297; x_wconf 88' lang='lat' dir='ltr'><em>et</em></span> <span class='ocrx_word' id='word_1_138' title='bbox 1564 1257 1648 1306; x_wconf 66' lang='lat'><em>85„</em></span> <span class='ocrx_word' id='word_1_139' title='bbox 1667 1257 1745 1299; x_wconf 90' lang='lat' dir='ltr'><em>ubi</em></span> 
     </span>
     <span class='ocr_line' id='line_1_15' title="bbox 228 1330 1741 1383; baseline 0.006 -15"><span class='ocrx_word' id='word_1_140' title='bbox 228 1330 381 1369; x_wconf 80' lang='lat' dir='ltr'><em>sortes</em></span> <span class='ocrx_word' id='word_1_141' title='bbox 408 1331 452 1370; x_wconf 89' lang='lat' dir='ltr'><em>et</em></span> <span class='ocrx_word' id='word_1_142' title='bbox 478 1330 630 1371; x_wconf 79' lang='lat' dir='ltr'><em>omina</em></span> <span class='ocrx_word' id='word_1_143' title='bbox 657 1331 824 1383; x_wconf 90' lang='lat' dir='ltr'><em>optime</em></span> <span class='ocrx_word' id='word_1_144' title='bbox 851 1331 1176 1374; x_wconf 82' lang='lat' dir='ltr'><em>discernuntur.</em></span> <span class='ocrx_word' id='word_1_145' title='bbox 1196 1357 1255 1361; x_wconf 90' lang='lat'><strong>—</strong></span> <span class='ocrx_word' id='word_1_146' title='bbox 1281 1334 1348 1374; x_wconf 83' lang='lat' dir='ltr'><em>est</em></span> <span class='ocrx_word' id='word_1_147' title='bbox 1374 1332 1592 1376; x_wconf 69' lang='lat' dir='ltr'><em>deterrita</em></span> <span class='ocrx_word' id='word_1_148' title='bbox 1616 1340 1741 1377; x_wconf 76' lang='lat' dir='ltr'><em>‘nun—</em></span> 
     </span>
     <span class='ocr_line' id='line_1_16' title="bbox 242 1406 1744 1464; baseline 0.004 -17"><span class='ocrx_word' id='word_1_149' title='bbox 242 1417 396 1460; x_wconf 78' lang='lat' dir='ltr'><em>quam,</em></span> <span class='ocrx_word' id='word_1_150' title='bbox 421 1406 671 1448; x_wconf 74' lang='lat' dir='ltr'><em>insolenter</em></span> <span class='ocrx_word' id='word_1_151' title='bbox 697 1407 890 1450; x_wconf 85' lang='lat' dir='ltr'><em>dietum:</em></span> <span class='ocrx_word' id='word_1_152' title='bbox 919 1409 1098 1449; x_wconf 77' lang='lat' dir='ltr'><em>oracula</em></span> <span class='ocrx_word' id='word_1_153' title='bbox 1116 1412 1284 1450; x_wconf 80' lang='lat' dir='ltr'><em>eertum</em></span> <span class='ocrx_word' id='word_1_154' title='bbox 1311 1409 1503 1451; x_wconf 86' lang='lat' dir='ltr'><em>reditum</em></span> <span class='ocrx_word' id='word_1_155' title='bbox 1522 1411 1744 1464; x_wconf 89' lang='lat' dir='ltr'><em>sponden-</em></span> 
     </span>
     <span class='ocr_line' id='line_1_17' title="bbox 241 1483 1743 1539; baseline 0.005 -16"><span class='ocrx_word' id='word_1_156' title='bbox 241 1483 304 1524; x_wconf 81' lang='lat' dir='ltr'><em>tia</em></span> <span class='ocrx_word' id='word_1_157' title='bbox 329 1496 422 1524; x_wconf 90' lang='lat' dir='ltr'><em>non</em></span> <span class='ocrx_word' id='word_1_158' title='bbox 453 1486 697 1537; x_wconf 85' lang='lat' dir='ltr'><em>potuerunt</em></span> <span class='ocrx_word' id='word_1_159' title='bbox 736 1498 835 1526; x_wconf 83' lang='lat' dir='ltr'><em>eam</em></span> <span class='ocrx_word' id='word_1_160' title='bbox 872 1485 1102 1539; x_wconf 85' lang='lat' dir='ltr'><em>impedire,</em></span> <span class='ocrx_word' id='word_1_161' title='bbox 1131 1499 1188 1527; x_wconf 92' lang='lat' dir='ltr'><em>ne</em></span> <span class='ocrx_word' id='word_1_162' title='bbox 1221 1488 1300 1527; x_wconf 84' lang='lat' dir='ltr'><em>ete.</em></span> <span class='ocrx_word' id='word_1_163' title='bbox 1329 1511 1388 1514; x_wconf 89' lang='lat'>—</span> <span class='ocrx_word' id='word_1_164' title='bbox 1414 1488 1597 1530; x_wconf 71' lang='lat' dir='ltr'><em>nostras</em></span> <span class='ocrx_word' id='word_1_165' title='bbox 1635 1487 1743 1530; x_wconf 82' lang='lat' dir='ltr'><em>des-</em></span> 
     </span>
     <span class='ocr_line' id='line_1_18' title="bbox 240 1561 1745 1617; baseline 0.003 -16"><span class='ocrx_word' id='word_1_166' title='bbox 240 1562 483 1615; x_wconf 73' lang='lat' dir='ltr'><em>pueretque</em></span> <span class='ocrx_word' id='word_1_167' title='bbox 508 1561 621 1610; x_wconf 81' lang='lat' dir='ltr'><em>vias,</em></span> <span class='ocrx_word' id='word_1_168' title='bbox 650 1562 801 1614; x_wconf 80' lang='lat' dir='ltr'><em>puella</em></span> <span class='ocrx_word' id='word_1_169' title='bbox 828 1562 1151 1615; x_wconf 78' lang='lat' dir='ltr'><em>superstitiosa,</em></span> <span class='ocrx_word' id='word_1_170' title='bbox 1182 1563 1354 1617; x_wconf 85' lang='lat' dir='ltr'><em>quoties</em></span> <span class='ocrx_word' id='word_1_171' title='bbox 1375 1564 1550 1605; x_wconf 87' lang='lat' dir='ltr'><em>itineris</em></span> <span class='ocrx_word' id='word_1_172' title='bbox 1576 1564 1745 1607; x_wconf 87' lang='lat' dir='ltr'><em>mentio</em></span> 
     </span>
     <span class='ocr_line' id='line_1_19' title="bbox 245 1637 1746 1691; baseline 0.004 -14"><span class='ocrx_word' id='word_1_173' title='bbox 245 1637 362 1678; x_wconf 75' lang='lat' dir='ltr'><em>faeta</em></span> <span class='ocrx_word' id='word_1_174' title='bbox 389 1640 467 1686; x_wconf 87' lang='lat' dir='ltr'><em>est,</em></span> <span class='ocrx_word' id='word_1_175' title='bbox 497 1637 674 1691; x_wconf 81' lang='lat' dir='ltr'><em>despuit</em></span> <span class='ocrx_word' id='word_1_176' title='bbox 715 1639 772 1679; x_wconf 82' lang='lat' dir='ltr'><em>ad</em></span> <span class='ocrx_word' id='word_1_177' title='bbox 809 1639 979 1680; x_wconf 77' lang='lat' dir='ltr'><em>malum</em></span> <span class='ocrx_word' id='word_1_178' title='bbox 1023 1653 1154 1681; x_wconf 91' lang='lat' dir='ltr'><em>omen</em></span> <span class='ocrx_word' id='word_1_179' title='bbox 1183 1641 1497 1690; x_wconf 81' lang='lat' dir='ltr'><em>avertendum3</em></span> <span class='ocrx_word' id='word_1_180' title='bbox 1525 1643 1577 1683; x_wconf 83' lang='lat' dir='ltr'><em>ef.</em></span> <span class='ocrx_word' id='word_1_181' title='bbox 1604 1641 1746 1683; x_wconf 83' lang='lat' dir='ltr'><em>Plaut.</em></span> 
     </span>
     <span class='ocr_line' id='line_1_20' title="bbox 242 1711 1747 1770; baseline 0.004 -18"><span class='ocrx_word' id='word_1_182' title='bbox 242 1711 366 1754; x_wconf 89' lang='lat' dir='ltr'><em>Asin.</em></span> <span class='ocrx_word' id='word_1_183' title='bbox 395 1713 478 1754; x_wconf 78' lang='lat'><em>40:</em></span> <span class='ocrx_word' id='word_1_184' title='bbox 513 1716 668 1767; x_wconf 90' lang='lat' dir='ltr'><em>«teque</em></span> <span class='ocrx_word' id='word_1_185' title='bbox 708 1714 888 1756; x_wconf 84' lang='lat' dir='ltr'><em>obsecro</em></span> <span class='ocrx_word' id='word_1_186' title='bbox 928 1716 1089 1765; x_wconf 84' lang='lat' dir='ltr'><em>hercle,</em></span> <span class='ocrx_word' id='word_1_187' title='bbox 1118 1719 1180 1765; x_wconf 81' lang='lat' dir='ltr'><em>ut,</em></span> <span class='ocrx_word' id='word_1_188' title='bbox 1209 1730 1305 1770; x_wconf 86' lang='lat' dir='ltr'><em>quae</em></span> <span class='ocrx_word' id='word_1_189' title='bbox 1343 1717 1521 1758; x_wconf 85' lang='lat' dir='ltr'><em>loeutus</em></span> <span class='ocrx_word' id='word_1_190' title='bbox 1560 1730 1607 1758; x_wconf 85' lang='lat' dir='ltr'><em>es</em></span> <span class='ocrx_word' id='word_1_191' title='bbox 1633 1718 1675 1767; x_wconf 91' lang='lat' dir='ltr'><em>(i.</em></span> <span class='ocrx_word' id='word_1_192' title='bbox 1712 1730 1747 1758; x_wconf 86' lang='lat' dir='ltr'><em>e.</em></span> 
     </span>
     <span class='ocr_line' id='line_1_21' title="bbox 245 1790 1750 1846; baseline 0.003 -15"><span class='ocrx_word' id='word_1_193' title='bbox 245 1790 377 1831; x_wconf 84' lang='lat' dir='ltr'><em>verba</em></span> <span class='ocrx_word' id='word_1_194' title='bbox 415 1791 524 1832; x_wconf 79' lang='lat' dir='ltr'><em>mali</em></span> <span class='ocrx_word' id='word_1_195' title='bbox 563 1792 755 1844; x_wconf 89' lang='lat' dir='ltr'><em>ominis),</em></span> <span class='ocrx_word' id='word_1_196' title='bbox 785 1792 1018 1846; x_wconf 84' lang='lat' dir='ltr'><em>despuas».</em></span> <span class='ocrx_word' id='word_1_197' title='bbox 1047 1792 1113 1834; x_wconf 90' lang='lat' dir='ltr'><em>De</em></span> <span class='ocrx_word' id='word_1_198' title='bbox 1151 1806 1274 1835; x_wconf 86' lang='lat' dir='ltr'><em>more</em></span> <span class='ocrx_word' id='word_1_199' title='bbox 1303 1793 1357 1835; x_wconf 83' lang='lat' dir='ltr'><em>ad</em></span> <span class='ocrx_word' id='word_1_200' title='bbox 1394 1794 1515 1835; x_wconf 79' lang='lat' dir='ltr'><em>mala</em></span> <span class='ocrx_word' id='word_1_201' title='bbox 1542 1807 1750 1835; x_wconf 79' lang='lat' dir='ltr'><em>averrun-</em></span> 
     </span>
     <span class='ocr_line' id='line_1_22' title="bbox 246 1866 1751 1922; baseline 0.002 -14"><span class='ocrx_word' id='word_1_202' title='bbox 246 1866 388 1909; x_wconf 77' lang='lat' dir='ltr'><em>canda</em></span> <span class='ocrx_word' id='word_1_203' title='bbox 432 1869 680 1922; x_wconf 86' lang='lat' dir='ltr'><em>despuendi</em></span> <span class='ocrx_word' id='word_1_204' title='bbox 726 1870 779 1910; x_wconf 87' lang='lat' dir='ltr'><em>ef.</em></span> <span class='ocrx_word' id='word_1_205' title='bbox 830 1870 930 1911; x_wconf 83' lang='lat' dir='ltr'><em>adn.</em></span> <span class='ocrx_word' id='word_1_206' title='bbox 973 1870 1091 1912; x_wconf 81' lang='lat' dir='ltr'><em>infra</em></span> <span class='ocrx_word' id='word_1_207' title='bbox 1133 1870 1189 1911; x_wconf 77' lang='lat' dir='ltr'><em>ad</em></span> <span class='ocrx_word' id='word_1_208' title='bbox 1229 1871 1262 1912; x_wconf 93' lang='grc' dir='ltr'><em>Ι.</em></span> <span class='ocrx_word' id='word_1_209' title='bbox 1307 1872 1346 1920; x_wconf 72' lang='lat'><em>2.</em></span> <span class='ocrx_word' id='word_1_210' title='bbox 1375 1872 1457 1912; x_wconf 76' lang='lat'><em>54:</em></span> <span class='ocrx_word' id='word_1_211' title='bbox 1491 1872 1582 1912; x_wconf 88' lang='lat' dir='ltr'><em>«ter</em></span> <span class='ocrx_word' id='word_1_212' title='bbox 1621 1870 1751 1912; x_wconf 85' lang='lat' dir='ltr'><em>dietis</em></span> 
     </span>
     <span class='ocr_line' id='line_1_23' title="bbox 247 1944 1751 2002; baseline 0.002 -17"><span class='ocrx_word' id='word_1_213' title='bbox 247 1944 415 1998; x_wconf 88' lang='lat' dir='ltr'><em>despue</em></span> <span class='ocrx_word' id='word_1_214' title='bbox 443 1946 740 1988; x_wconf 80' lang='lat' dir='ltr'><em>carminibus»</em></span> <span class='ocrx_word' id='word_1_215' title='bbox 774 1949 819 1988; x_wconf 89' lang='lat' dir='ltr'><em>et</em></span> <span class='ocrx_word' id='word_1_216' title='bbox 843 1947 875 1988; x_wconf 96' lang='grc' dir='ltr'><em>Ι.</em></span> <span class='ocrx_word' id='word_1_217' title='bbox 906 1949 945 1997; x_wconf 69' lang='grc'><em>2,</em></span> <span class='ocrx_word' id='word_1_218' title='bbox 975 1949 1058 1990; x_wconf 84' lang='grc'><em>96;</em></span> <span class='ocrx_word' id='word_1_219' title='bbox 1092 1948 1307 2002; x_wconf 76' lang='lat' dir='ltr'><em>«Despuit</em></span> <span class='ocrx_word' id='word_1_220' title='bbox 1332 1949 1380 1990; x_wconf 92' lang='lat' dir='ltr'><em>in</em></span> <span class='ocrx_word' id='word_1_221' title='bbox 1406 1949 1565 1990; x_wconf 89' lang='lat' dir='ltr'><em>molles</em></span> <span class='ocrx_word' id='word_1_222' title='bbox 1592 1950 1635 1989; x_wconf 90' lang='lat' dir='ltr'><em>et</em></span> <span class='ocrx_word' id='word_1_223' title='bbox 1668 1948 1751 1989; x_wconf 89' lang='lat' dir='ltr'><em>sibi</em></span> 
     </span>
     <span class='ocr_line' id='line_1_24' title="bbox 247 2021 1752 2080; baseline 0.002 -18"><span class='ocrx_word' id='word_1_224' title='bbox 247 2021 432 2075; x_wconf 86' lang='lat' dir='ltr'><em>quisque</em></span> <span class='ocrx_word' id='word_1_225' title='bbox 476 2022 644 2064; x_wconf 85' lang='lat' dir='ltr'><em>sinus».</em></span> <span class='ocrx_word' id='word_1_226' title='bbox 673 2048 731 2052; x_wconf 79' lang='lat'>—</span> <span class='ocrx_word' id='word_1_227' title='bbox 769 2022 1106 2080; x_wconf 75' lang='lat' dir='ltr'><em>despuerctque.</em></span> <span class='ocrx_word' id='word_1_228' title='bbox 1153 2039 1203 2067; x_wconf 84' lang='lat' dir='ltr'><em>ex</em></span> <span class='ocrx_word' id='word_1_229' title='bbox 1243 2026 1499 2067; x_wconf 77' lang='lat' dir='ltr'><em>coniectura,</em></span> <span class='ocrx_word' id='word_1_230' title='bbox 1536 2024 1752 2078; x_wconf 79' lang='lat' dir='ltr'><em>Hauptii3</em></span> 
     </span>
     <span class='ocr_line' id='line_1_25' title="bbox 249 2098 909 2142; baseline 0.006 -4"><span class='ocrx_word' id='word_1_231' title='bbox 249 2100 301 2139; x_wconf 80' lang='lat' dir='ltr'><em>ef.</em></span> <span class='ocrx_word' id='word_1_232' title='bbox 329 2098 448 2140; x_wconf 80' lang='lat' dir='ltr'><em>infra</em></span> <span class='ocrx_word' id='word_1_233' title='bbox 475 2098 574 2140; x_wconf 83' lang='lat' dir='ltr'><em>adn.</em></span> <span class='ocrx_word' id='word_1_234' title='bbox 605 2100 698 2141; x_wconf 83' lang='lat' dir='ltr'><em>erit.</em></span> <span class='ocrx_word' id='word_1_235' title='bbox 728 2100 784 2141; x_wconf 82' lang='lat' dir='ltr'><em>ad</em></span> <span class='ocrx_word' id='word_1_236' title='bbox 810 2100 851 2142; x_wconf 91' lang='lat' dir='ltr'><em>h.</em></span> <span class='ocrx_word' id='word_1_237' title='bbox 881 2100 909 2142; x_wconf 92' lang='grc'><em>1.</em></span> 
     </span>
    </p>

    <p class='ocr_par' dir='ltr' id='par_1_3' title="bbox 252 2175 1757 2769">
     <span class='ocr_line' id='line_1_26' title="bbox 307 2175 1754 2231; baseline -0.001 -15"><span class='ocrx_word' id='word_1_238' title='bbox 307 2175 357 2217; x_wconf 92' lang='lat' dir='ltr'><em>V.</em></span> <span class='ocrx_word' id='word_1_239' title='bbox 391 2177 577 2217; x_wconf 63' lang='lat'><em>15-029,</em></span> <span class='ocrx_word' id='word_1_240' title='bbox 625 2175 850 2219; x_wconf 71' lang='lat' dir='ltr'><em>mandata</em></span> <span class='ocrx_word' id='word_1_241' title='bbox 897 2176 1140 2230; x_wconf 83' lang='lat' dir='ltr'><em>dedissem,</em></span> <span class='ocrx_word' id='word_1_242' title='bbox 1186 2177 1303 2231; x_wconf 91' lang='lat' dir='ltr'><em>quod</em></span> <span class='ocrx_word' id='word_1_243' title='bbox 1350 2177 1565 2218; x_wconf 83' lang='lat' dir='ltr'><em>abeuntes</em></span> <span class='ocrx_word' id='word_1_244' title='bbox 1611 2176 1754 2216; x_wconf 77' lang='lat' dir='ltr'><em>faeere</em></span> 
     </span>
     <span class='ocr_line' id='line_1_27' title="bbox 252 2250 1754 2305; baseline -0.001 -12"><span class='ocrx_word' id='word_1_245' title='bbox 252 2252 412 2302; x_wconf 88' lang='lat' dir='ltr'><em>solent,</em></span> <span class='ocrx_word' id='word_1_246' title='bbox 450 2255 499 2294; x_wconf 81' lang='lat' dir='ltr'><em>ut</em></span> <span class='ocrx_word' id='word_1_247' title='bbox 527 2252 603 2295; x_wconf 84' lang='lat' dir='ltr'><em>Ov.</em></span> <span class='ocrx_word' id='word_1_248' title='bbox 632 2253 759 2295; x_wconf 83' lang='lat' dir='ltr'><em>Trist.</em></span> <span class='ocrx_word' id='word_1_249' title='bbox 788 2255 819 2295; x_wconf 95' lang='grc' dir='ltr'><em>Ι.</em></span> <span class='ocrx_word' id='word_1_250' title='bbox 852 2256 890 2303; x_wconf 83' lang='grc'><em>3,</em></span> <span class='ocrx_word' id='word_1_251' title='bbox 921 2255 990 2297; x_wconf 86' lang='grc'><strong>89.</strong></span> <span class='ocrx_word' id='word_1_252' title='bbox 1034 2255 1083 2296; x_wconf 83' lang='grc'><em>111</em></span> <span class='ocrx_word' id='word_1_253' title='bbox 1125 2255 1305 2299; x_wconf 85' lang='lat' dir='ltr'><em>exilium</em></span> <span class='ocrx_word' id='word_1_254' title='bbox 1348 2254 1573 2295; x_wconf 86' lang='lat' dir='ltr'><em>abiturus:</em></span> <span class='ocrx_word' id='word_1_255' title='bbox 1606 2250 1754 2305; x_wconf 82' lang='lat' dir='ltr'><em>«Saepe</em></span> 
     </span>
     <span class='ocr_line' id='line_1_28' title="bbox 253 2329 1755 2386; baseline 0 -17"><span class='ocrx_word' id='word_1_256' title='bbox 253 2330 408 2370; x_wconf 86' lang='lat' dir='ltr'><em>eadem</em></span> <span class='ocrx_word' id='word_1_257' title='bbox 450 2331 663 2372; x_wconf 80' lang='lat' dir='ltr'><em>mandata</em></span> <span class='ocrx_word' id='word_1_258' title='bbox 689 2331 790 2372; x_wconf 87' lang='lat' dir='ltr'><em>dedi</em></span> <span class='ocrx_word' id='word_1_259' title='bbox 828 2345 986 2386; x_wconf 89' lang='lat' dir='ltr'><em>meque</em></span> <span class='ocrx_word' id='word_1_260' title='bbox 1026 2333 1121 2386; x_wconf 86' lang='lat' dir='ltr'><em>ipse</em></span> <span class='ocrx_word' id='word_1_261' title='bbox 1149 2331 1311 2373; x_wconf 83' lang='lat' dir='ltr'><em>fefelli»</em></span> <span class='ocrx_word' id='word_1_262' title='bbox 1345 2332 1388 2372; x_wconf 89' lang='lat' dir='ltr'><em>et</em></span> <span class='ocrx_word' id='word_1_263' title='bbox 1412 2330 1515 2371; x_wconf 85' lang='lat' dir='ltr'><em>Her.</em></span> <span class='ocrx_word' id='word_1_264' title='bbox 1549 2330 1613 2377; x_wconf 89' lang='grc'><em>15,</em></span> <span class='ocrx_word' id='word_1_265' title='bbox 1646 2329 1755 2369; x_wconf 87' lang='lat'>105:</span> 
     </span>
     <span class='ocr_line' id='line_1_29' title="bbox 260 2406 1754 2462; baseline -0.001 -15"><span class='ocrx_word' id='word_1_266' title='bbox 260 2406 383 2448; x_wconf 87' lang='lat' dir='ltr'><em>«Non</em></span> <span class='ocrx_word' id='word_1_267' title='bbox 409 2407 622 2448; x_wconf 82' lang='lat' dir='ltr'><em>mandata</em></span> <span class='ocrx_word' id='word_1_268' title='bbox 660 2408 774 2457; x_wconf 84' lang='lat' dir='ltr'><em>dedi,</em></span> <span class='ocrx_word' id='word_1_269' title='bbox 803 2422 948 2462; x_wconf 90' lang='lat' dir='ltr'><em>neque</em></span> <span class='ocrx_word' id='word_1_270' title='bbox 991 2410 1111 2450; x_wconf 89' lang='lat' dir='ltr'><em>enim</em></span> <span class='ocrx_word' id='word_1_271' title='bbox 1153 2406 1366 2450; x_wconf 78' lang='lat' dir='ltr'><em>mandata</em></span> <span class='ocrx_word' id='word_1_272' title='bbox 1407 2406 1668 2449; x_wconf 85' lang='lat' dir='ltr'><em>dedissem».</em></span> <span class='ocrx_word' id='word_1_273' title='bbox 1697 2429 1754 2433; x_wconf 97' lang='lat'>—</span> 
     </span>
     <span class='ocr_line' id='line_1_30' title="bbox 259 2478 1755 2535; baseline -0.003 -11"><span class='ocrx_word' id='word_1_274' title='bbox 259 2482 533 2534; x_wconf 62' lang='lat' dir='ltr'><em>Quaerebam</em></span> <span class='ocrx_word' id='word_1_275' title='bbox 559 2516 569 2525; x_wconf 93' lang='lat'><em>.</em></span> <span class='ocrx_word' id='word_1_276' title='bbox 597 2515 607 2524; x_wconf 89' lang='lat'><em>.</em></span> <span class='ocrx_word' id='word_1_277' title='bbox 637 2516 647 2524; x_wconf 90' lang='lat'><em>.</em></span> <span class='ocrx_word' id='word_1_278' title='bbox 676 2496 848 2535; x_wconf 64' lang='lat' dir='ltr'><em>moras,</em></span> <span class='ocrx_word' id='word_1_279' title='bbox 890 2486 939 2524; x_wconf 85' lang='lat' dir='ltr'><em>ut</em></span> <span class='ocrx_word' id='word_1_280' title='bbox 981 2484 1057 2526; x_wconf 82' lang='lat' dir='ltr'><em>Ov.</em></span> <span class='ocrx_word' id='word_1_281' title='bbox 1101 2485 1205 2526; x_wconf 81' lang='lat' dir='ltr'><em>Met.</em></span> <span class='ocrx_word' id='word_1_282' title='bbox 1254 2484 1327 2525; x_wconf 87' lang='lat' dir='ltr'><em>XI.</em></span> <span class='ocrx_word' id='word_1_283' title='bbox 1375 2483 1474 2524; x_wconf 77' lang='lat'><strong>461.</strong></span> <span class='ocrx_word' id='word_1_284' title='bbox 1523 2480 1575 2522; x_wconf 91' lang='lat' dir='ltr'><em>de</em></span> <span class='ocrx_word' id='word_1_285' title='bbox 1617 2478 1755 2532; x_wconf 83' lang='lat' dir='ltr'>Ceyce</span> 
     </span>
     <span class='ocr_line' id='line_1_31' title="bbox 255 2556 1757 2615; baseline -0.005 -12"><span class='ocrx_word' id='word_1_286' title='bbox 255 2575 439 2603; x_wconf 81' lang='lat' dir='ltr'><em>uxorem</em></span> <span class='ocrx_word' id='word_1_287' title='bbox 464 2562 693 2615; x_wconf 83' lang='lat' dir='ltr'><em>Alcyonen</em></span> <span class='ocrx_word' id='word_1_288' title='bbox 718 2562 1026 2614; x_wconf 88' lang='lat' dir='ltr'><em>relinquente:</em></span> <span class='ocrx_word' id='word_1_289' title='bbox 1059 2561 1319 2612; x_wconf 84' lang='lat' dir='ltr'><em>«Quaerente</em></span> <span class='ocrx_word' id='word_1_290' title='bbox 1334 2571 1479 2601; x_wconf 86' lang='lat' dir='ltr'><em>mores</em></span> <span class='ocrx_word' id='word_1_291' title='bbox 1497 2556 1678 2610; x_wconf 76' lang='lat' dir='ltr'><em>Ceyce».</em></span> <span class='ocrx_word' id='word_1_292' title='bbox 1697 2579 1757 2583; x_wconf 97' lang='lat'><strong>—</strong></span> 
     </span>
     <span class='ocr_line' id='line_1_32' title="bbox 256 2631 1754 2694; baseline -0.007 -13"><span class='ocrx_word' id='word_1_293' title='bbox 256 2640 348 2682; x_wconf 87' lang='lat' dir='ltr'><em>Aut</em></span> <span class='ocrx_word' id='word_1_294' title='bbox 390 2651 469 2694; x_wconf 70' lang='lat' dir='ltr'><em>eqo</em></span> <span class='ocrx_word' id='word_1_295' title='bbox 512 2650 615 2680; x_wconf 79' lang='lat' dir='ltr'><em>sum</em></span> <span class='ocrx_word' id='word_1_296' title='bbox 658 2639 877 2679; x_wconf 75' lang='lat' dir='ltr'><em>causatus</em></span> <span class='ocrx_word' id='word_1_297' title='bbox 920 2649 1038 2687; x_wconf 76' lang='lat' dir='ltr'><em>aves,</em></span> <span class='ocrx_word' id='word_1_298' title='bbox 1068 2636 1181 2678; x_wconf 72' lang='lat' dir='ltr'><em>(taut</em></span> <span class='ocrx_word' id='word_1_299' title='bbox 1225 2636 1382 2679; x_wconf 72' lang='lat' dir='ltr'><em>omina</em></span> <span class='ocrx_word' id='word_1_300' title='bbox 1406 2632 1525 2683; x_wconf 77' lang='lat' dir='ltr'><em>dira,</em></span> <span class='ocrx_word' id='word_1_301' title='bbox 1552 2634 1603 2672; x_wconf 85' lang='lat' dir='ltr'><em>ut</em></span> <span class='ocrx_word' id='word_1_302' title='bbox 1628 2631 1754 2685; x_wconf 88' lang='lat' dir='ltr'><em>Prop.</em></span> 
     </span>
     <span class='ocr_line' id='line_1_33' title="bbox 256 2708 1756 2769; baseline -0.008 -11"><span class='ocrx_word' id='word_1_303' title='bbox 256 2717 329 2758; x_wconf 80' lang='lat' dir='ltr'><em>IV.</em></span> <span class='ocrx_word' id='word_1_304' title='bbox 357 2717 400 2768; x_wconf 76' lang='lat'><em>4,</em></span> <span class='ocrx_word' id='word_1_305' title='bbox 423 2718 509 2759; x_wconf 69' lang='lat'><strong>:9232</strong></span> <span class='ocrx_word' id='word_1_306' title='bbox 543 2714 691 2769; x_wconf 84' lang='lat' dir='ltr'><em>«Saepe</em></span> <span class='ocrx_word' id='word_1_307' title='bbox 729 2714 810 2754; x_wconf 83' lang='lat' dir='ltr'><em>illa</em></span> <span class='ocrx_word' id='word_1_308' title='bbox 836 2713 1069 2754; x_wconf 69' lang='lat' dir='ltr'><em>immeritae</em></span> <span class='ocrx_word' id='word_1_309' title='bbox 1102 2716 1284 2754; x_wconf 77' lang='lat' dir='ltr'><em>causata</em></span> <span class='ocrx_word' id='word_1_310' title='bbox 1312 2713 1378 2753; x_wconf 89' lang='lat' dir='ltr'><em>est</em></span> <span class='ocrx_word' id='word_1_311' title='bbox 1404 2709 1556 2751; x_wconf 81' lang='lat' dir='ltr'><em>omina.</em></span> <span class='ocrx_word' id='word_1_312' title='bbox 1593 2708 1756 2756; x_wconf 86' lang='lat' dir='ltr'><em>lunae»;</em></span> 
     </span>
    </p>
   </div>
  </div>
 </body>
</html>
