1942 3132
303 215 370 250 176
872 233 928 260 AD
948 233 978 262 1.
1003 232 1036 271 6,
1061 231 1228 262 47—56.

301 350 486 403 aequarit
505 347 724 402 pomaria
745 347 901 400 silvas,
926 347 1031 391 Non
1058 362 1250 404 operosa
1275 350 1397 405 rigat
1430 349 1633 395 Marcius
1661 341 1800 396 antra

302 424 496 480 liquor»;
538 424 743 465 similiter
783 424 932 467 Graece
971 423 1186 476 οὔτε-οὖ,
1225 441 1260 468 e.
1301 440 1338 480 g.
1379 427 1541 470 Herod.
1570 429 1686 471 VIII.
1715 427 1797 473 98:

299 503 391 548 τοὺς
418 498 509 543 οὔτε
536 503 695 557 νιφετὸς
723 498 798 544 οὐκ
823 501 991 558 ὄμβρος,
1019 500 1066 545 οὗ
1091 509 1245 559 καῦμα,
1274 494 1325 546 οὗ
1348 504 1415 551 νὺξ
1442 503 1800 560 {meu—acrem

299 577 564 620 Flammam
590 612 597 619 .
631 613 639 619 .
669 612 677 619 .
708 578 910 630 verbera,
950 581 1053 634 igne
1093 584 1136 621 et
1172 581 1427 623 verberibus
1466 595 1513 624 se
1535 584 1712 625 cruciat.
1738 609 1800 612 —

300 668 471 705 amens,
514 656 762 696 furensl—
788 656 977 699 verbera
1016 659 1149 709 torta,
1176 657 1428 710 flagellum3
1456 660 1507 700 cf.
1538 672 1670 712 supra
1696 660 1795 701 adn.

300 731 355 772 ad
380 732 412 774 I.
443 734 481 781 9,
512 735 592 775 22:
632 734 821 774 «intorto
848 735 1069 775 verbere».

357 809 405 851 V.
434 811 624 852 47--50.
658 810 850 866 bipenne
886 824 992 854 suos
1031 810 1162 854 caedit
1200 811 1399 855 violenta
1439 813 1631 855 lacertos
1671 811 1797 855 San-

297 887 525 943 gsuineque
568 887 709 942 effuso
737 888 914 942 spargit
940 880 1091 930 inulta
1118 887 1264 940 deam,
1291 890 1407 930 unde
1438 889 1554 943 apud
1579 889 1686 931 Hor.
1708 888 1796 931 Sat.

298 963 353 1004 IL
396 964 434 1014 3,
475 965 586 1005 223:
621 964 841 1017 «gaudens
886 964 1075 1006 Bellona
1122 966 1359 1007 cruentis».
1396 991 1451 993 -—
1490 966 1654 1018 inulta,
1702 967 1798 1008 sine

299 1041 462 1082 damno
505 1055 610 1090 suo3
653 1043 705 1082 cf.
749 1042 865 1082 infra
903 1041 958 1082 II.
1002 1043 1039 1085 5,
1084 1042 1271 1083 63—64.
1314 1041 1484 1095 Sibylla
1516 1042 1569 1084 de
1607 1056 1678 1084 se:
1713 1044 1798 1085 «sic

298 1131 437 1171 usque
480 1131 626 1159 sacras
667 1117 863 1161 innoxia
904 1119 1058 1159 laurus
1097 1119 1300 1160 Vescar».
1335 1145 1393 1148 —
1431 1119 1576 1164 dcam.
1621 1120 1798 1173 signum

298 1195 402 1236 deae.
442 1221 489 1223 —
539 1195 660 1238 lalus
702 1190 902 1252 prccfi'o'ca
948 1208 1068 1245 veru,
1117 1195 1265 1236 locum
1316 1197 1558 1237 rectissime
1611 1197 1799 1250 explicat

298 1273 481 1327 Heyne:
510 1276 655 1314 cutem
683 1287 709 1314 a
735 1274 890 1327 sagina
917 1274 1141 1315 diductam
1166 1274 1316 1315 traicit
1341 1274 1467 1314 tenui
1505 1275 1721 1326 lanceola,
1749 1277 1799 1316 ut

299 1363 350 1390 ea
375 1352 630 1392 transversa
656 1364 745 1404 prae
766 1351 905 1392 latere
929 1353 1027 1401 stet,
1053 1351 1170 1404 quod
1193 1350 1412 1403 hodieque
1436 1351 1605 1392 faciunt
1626 1352 1796 1404 praesti-

297 1427 501 1478 giatores.
512 1427 623 1468 Nam
636 1426 885 1468 sacerdotes
899 1427 1096 1468 Bellonae
1111 1441 1202 1468 non
1214 1427 1329 1468 serio
1341 1440 1386 1467 se
1396 1427 1654 1468 vulnerasse
1668 1427 1796 1470 docet

295 1503 519 1557 Lamprid.
539 1504 587 1544 in
604 1503 688 1544 Vit.
710 1502 940 1544 Commodi
964 1504 989 1544 9
1007 1519 1016 1544 :
1046 1519 1060 1540 «
1069 1502 1370 1555 (Commodus)
1386 1502 1581 1544 Bellonae
1600 1505 1791 1546 servien-

295 1585 362 1623 tes
383 1595 485 1622 vere
509 1595 711 1623 exsecare
732 1581 987 1622 bracchium
1001 1580 1210 1635 praecepit
1225 1580 1371 1621 studio
1395 1580 1710 1622 crudelitatis».
1734 1606 1794 1610 ——

297 1659 418 1700 canit
443 1661 639 1708 eventus,
670 1661 895 1707 eventura,
922 1661 971 1699 ut
996 1659 1028 1699 I.
1059 1660 1098 1708 8,
1126 1660 1179 1700 4:
1214 1659 1439 1699 «Praecinit
1467 1661 1692 1700 eventus».

355 1735 403 1776 V.
434 1736 621 1776 51—-56
650 1733 828 1776 Parcite
855 1767 862 1774 .
896 1768 903 1775 .
934 1768 941 1775 .
971 1733 1156 1779 violare,
1197 1735 1336 1775 nolite
1362 1735 1541 1779 violare,
1570 1736 1619 1775 ut
1640 1734 1791 1795 ‘Lygd

297 1814 336 1861 5,
366 1813 418 1853 6:
452 1812 703 1853 “Immerito
730 1811 876 1852 iuveni
906 1824 1035 1863 parce
1063 1825 1236 1859 nocere,
1265 1810 1386 1852 dea».
1407 1835 1464 1838 W<
1485 1811 1668 1860 violare,
1697 1813 1792 1853 tan-

297 1902 413 1941 gere,
440 1891 668 1941 tamquam
696 1901 893 1935 sacram3
922 1890 988 1927 est
1016 1887 1134 1927 enim
1161 1888 1297 1928 Amor
1322 1888 1417 1940 ipse
1443 1890 1590 1928 custos
1610 1888 1716 1930 eius.
1734 1892 1794 1916 —'

290 1966 397 2020 post
423 1963 650 2012 didicisse,
678 1977 733 2005 sc.
762 1964 958 2017 puellam
986 1964 1040 2005 ab
1078 1965 1238 2005 Amore
1279 1964 1502 2005 custodiri.
1530 1988 1588 1991 *-
1614 1962 1791 2019 Attiqe-

295 2042 373 2095 rit,
401 2041 612 2084 labentur
638 2053 754 2097 opes,
785 2042 822 2083 si
849 2042 947 2094 quis
976 2055 1073 2082 eam
1101 2042 1311 2094 attigerit,
1341 2054 1445 2095 opes
1474 2041 1568 2082 eius
1596 2040 1793 2082 dilaben-

296 2121 369 2160 tur
385 2134 394 2168 3
422 2118 463 2161 si
490 2120 719 2167 omissum,
746 2123 794 2160 ut
819 2119 937 2160 infra
962 2119 1017 2160 II.
1048 2120 1085 2167 6,
1116 2120 1317 2161 53—54:
1343 2120 1475 2160 «satis
1503 2118 1634 2159 anxia,
1657 2118 1789 2167 vives,

296 2192 550 2237 Moverit‘e
588 2197 702 2237 votis
743 2210 847 2249 pars
889 2199 1215 2249 quotacumque
1257 2195 1407 2244 deos»;
1447 2196 1498 2236 cf.
1543 2193 1618 2235 Ov.
1663 2194 1789 2236 Trist.

296 2273 328 2313 I.
362 2274 426 2321 11,
458 2274 539 2314 :252
574 2272 795 2325 «Attigero
834 2275 1026 2326 portum,
1067 2275 1200 2326 portu
1236 2272 1435 2313 terrebor
1475 2271 1528 2312 ab
1565 2271 1706 2324 ipso».
1733 2294 1792 2298 —

297 2351 346 2390 at
384 2349 569 2391 vulnere
606 2351 762 2392 nostro
803 2348 1017 2405 Saiiyai&
1060 2363 1115 2390 sc.
1157 2349 1333 2390 labitur.
1361 2374 1419 2377 —
1453 2348 1523 2390 hic
1551 2382 1558 2389 .
1587 2381 1595 2389 .
1626 2381 1635 2389 .
1662 2346 1789 2395 cini&

299 2438 355 2466 sc.
383 2425 431 2465 in
458 2438 533 2466 ara
560 2426 663 2466 dete.
683 2451 738 2453 —
768 2425 1088 2480 diripiturque,
1117 2426 1370 2466 coniunctio
1399 2437 1512 2480 -que
1536 2426 1637 2477 post
1663 2436 1790 2477 quar-

296 2505 392 2542 tum
418 2503 601 2543 verbum
630 2503 888 2552 sententiae;
928 2503 979 2543 cf.
1010 2502 1109 2543 adn.
1140 2515 1274 2555 supra
1300 2502 1356 2543 ad
1381 2502 1414 2543 I.
1449 2503 1512 2550 10,
1541 2501 1622 2542 51:
1656 2499 1790 2541 «Rus-

297 2578 410 2619 ticus
438 2592 459 2619 e
485 2578 713 2631 lucoque».
743 2604 800 2606 *v-
826 2578 883 2620 Ei
912 2579 992 2621 tibi
1031 2578 1178 2620 nescio
1205 2591 1319 2634 quas
1347 2576 1465 2620 dimit
1490 2610 1500 2618 .
1529 2610 1537 2618 .
1567 2610 1575 2617 .
1598 2588 1788 2631 poenas,

300 2668 354 2696 sc.
385 2655 422 2695 si
447 2654 640 2696 infidelis
668 2655 764 2695 eris.
793 2679 850 2682 —-—
878 2654 1110 2709 admittas,
1137 2669 1193 2696 sc.
1222 2655 1409 2708 culpam,
1440 2653 1477 2694 si
1502 2654 1653 2693 tamen
1690 2665 1789 2706 pec-

299 2744 369 2773 ces
396 2732 422 2773 i.
453 2744 487 2772 e.
515 2730 705 2772 infidelis
734 2731 793 2771 sis
820 2731 943 2771 mihi.
975 2756 1029 2758 —
1055 2730 1150 2779 illa,
1180 2744 1236 2772 sc.
1265 2742 1408 2784 poena.
