1942 3132
788 192 844 223 ω
866 193 897 223 1.
922 190 956 232 1,
978 191 1147 222 45—52.
1657 179 1723 215 137

214 310 303 353 fine
316 312 562 354 hexametri
590 311 709 366 apud
725 310 854 366 Prop.
882 310 914 354 Ι.
945 311 985 360 8,
1015 311 1098 353 33:
1130 310 1237 352 «Ille
1250 311 1321 353 vel
1341 314 1532 364 angusto
1548 325 1726 356 meeum

215 388 494 443 requiescere
521 389 680 431 lecto».
708 413 767 418 —
791 387 1002 431 membra
1029 387 1179 430 levare
1207 389 1323 436 toro,
1349 388 1497 430 locum
1524 390 1729 432 imitatur

210 463 294 508 ‘Ov.
322 465 418 508 Am.
447 466 480 508 I.
510 468 550 512 5.
581 467 632 508 9:
678 464 900 520 «Adposui
927 464 1076 507 medio
1114 464 1317 507 membra
1354 465 1545 507 levanda
1583 469 1725 517 toro»,

211 541 335 585 Fast.
364 542 436 584 VI.
458 544 570 586 3⁶28:
603 542 735 585 «Pars
759 541 876 584 iacet
901 545 947 584 et
970 541 1099 584 molli
1126 542 1327 596 gramine
1346 543 1548 584 membra
1564 543 1726 594 levat»,

217 618 346 662 ‘I'rist
374 620 408 662 Ι.
439 622 476 664 3.·
506 621 591 662 94·;
623 622 693 662 «et
717 618 866 673 gelida
891 618 1095 661 membra
1130 619 1299 661 levavit
1331 619 1495 662 humo»
1541 623 1585 662 et
1621 621 1727 663 Met.

218 696 335 739 VIII.
366 698 478 739 639:
512 696 738 739 «Membra
763 709 898 738 senex
922 696 1074 751 posito
1099 697 1232 739 iussit
1257 696 1455 738 relevare
1482 696 1655 740 sedili».

278 774 327 816 V.
354 775 546 816 45—48.
580 772 731 826 Quam
756 772 886 816 iuvat
901 805 912 815 .
931 806 942 816 .
962 806 973 816 .
1001 772 1244 817 dominam
1270 775 1423 817 tenero
1449 773 1732 818 continuisse

220 850 341 901 sinu,
379 851 529 893 locum
568 850 772 893 imitatur
807 850 947 905 Lygd.
987 852 1028 895 6.
1069 852 1154 894 53:
1187 850 1358 904 «Quam
1382 851 1546 893 vellem
1583 855 1732 893 tecum

221 927 381 982 longas
407 928 685 983 requiescere
710 930 910 970 noctes».
938 951 997 956 —
1025 929 1178 971 tenero
1213 928 1496 972 continuisse
1535 928 1655 979 sinu,
1684 932 1735 971 ut

222 1005 341 1046 infra
366 1006 399 1047 I.
430 1007 469 1051 52.
500 1005 704 1047 73—74:
736 1004 818 1046 «Et
854 1007 899 1046 te
938 1004 1046 1046 dum
1083 1005 1219 1047 liceat
1257 1006 1425 1047 teneris
1451 1006 1644 1048 retinere
1671 1007 1732 1048 la-

222 1084 366 1131 certis,
406 1082 560 1124 MoHis
598 1085 643 1124 et
678 1082 728 1124 in
767 1081 879 1124 dura.
918 1083 977 1124 sit
1001 1082 1114 1124 mihi
1143 1096 1330 1124 somnus
1369 1083 1551 1125 humo».
1580 1108 1638 1112 —
1666 1086 1733 1127 te-

223 1172 332 1203 nero
349 1194 359 1202 .
379 1192 389 1201 .
409 1193 419 1202 .
449 1159 572 1213 sinu,
598 1162 791 1214 pectore,
820 1162 871 1201 ut
898 1173 1035 1214 supra
1060 1160 1094 1202 I.
1124 1161 1163 1211 8,
1195 1161 1278 1203 36:
1311 1162 1515 1202 «teneros
1542 1162 1739 1203 conserit

227 1251 368 1293 usque
407 1238 575 1279 sinus».
604 1261 663 1266 —
690 1236 988 1290 continuisse,
1019 1238 1220 1281 clausam
1246 1238 1318 1279 vel
1343 1238 1540 1280 vinctam
1569 1241 1735 1287 tenere,

224 1317 276 1356 ut
306 1313 495 1357 dicitur:
535 1314 731 1369 aliquem
758 1315 918 1356 vinclis
958 1318 1037 1357 aut
1073 1328 1246 1357 earcere
1286 1316 1531 1358 continere.
1560 1340 1619 1345 —
1645 1314 1740 1359 Aut

224 1390 407 1449 yelidas
434 1390 655 1435 hibernus
693 1404 844 1448 aquas
881 1404 985 1435 cum
1023 1391 1198 1449 fuderit
1223 1392 1405 1445 Auster,
1433 1406 1613 1435 versum
1639 1394 1739 1435 imi-

225 1471 347 1511 tatur
383 1468 459 1511 Ov.
500 1469 566 1511 Ex
602 1468 729 1511 Pont.
770 1469 826 1511 H.
861 1470 896 1518 1,
938 1471 1021 1512 25:
1053 1483 1179 1512 «oum
1220 1470 1377 1512 multis
1418 1471 1594 1512 lucibus
1635 1473 1740 1513 ante

223 1545 410 1591 Fuderit
434 1545 645 1588 adsiduas
671 1546 856 1588 nubilus
881 1547 1045 1589 Auster
1070 1559 1251 1602 aquas».
1270 1571 1330 1575 —
1353 1546 1539 1601 Auster,
1564 1547 1741 1602 pluvias

227 1623 314 1664 fert
339 1636 516 1672 secum;
544 1623 597 1665 cf.
625 1622 753 1677 Verg.
784 1622 862 1666 Ge.
890 1623 970 1666 111.
999 1624 1265 1666 278—279:
1298 1625 1443 1666 «unde
1468 1625 1740 1678 nigerrimus

231 1703 383 1743 auster
426 1701 634 1743 Nascitur
674 1704 718 1742 et
757 1700 911 1755 pluvio
959 1701 1195 1743 contristat
1243 1701 1406 1754 frigore
1452 1702 1654 1744 oaelum».
1683 1727 1740 1731 —

229 1789 416 1820 somnos
441 1812 451 1820 .
483 1811 492 1820 .
520 1810 531 1820 .
560 1778 704 1834 sequi,
733 1791 894 1820 somno
922 1792 970 1820 se
995 1778 1172 1820 tradere
1188 1793 1197 1827 ;
1225 1778 1279 1820 ef.
1309 1777 1461 1820 Senec.
1491 1777 1596 1820 Oed.
1628 1780 1741 1821 682:

235 1855 402 1896 «otium
440 1868 491 1896 ac
529 1867 740 1896 somnum
779 1855 948 1909 sequi..
976 1854 1208 1897 —imbre
1246 1855 1445 1905 iuvante,
1486 1855 1739 1907 adiuvante,

229 1933 281 1973 ut
317 1931 411 1974 Liv.
445 1931 479 1974 Ι.
509 1932 580 1981 37,
612 1933 661 1974 1:
693 1934 941 1987 «ventoque
981 1932 1163 1974 iuvante
1202 1945 1391 1974 accensa
1427 1932 1595 1986 ligna»;
1635 1947 1741 1975 nam

230 2010 414 2064 aequalis
455 2022 596 2051 sonus
636 2022 761 2064 aquae
803 2008 1003 2051 cadentis
1043 2010 1173 2051 facile
1214 2000 1261 2051 et*
1297 2009 1491 2051 iucunde
1533 2010 1742 2054 homines

234 2086 376 2139 sopit;
405 2087 457 2127 cf.
485 2085 604 2127 infra
629 2085 662 2127 Ι.
692 2086 732 2134 2,
762 2085 966 2127 77—78:
990 2099 1221 2140 «soporem
1238 2086 1328 2128 Nec
1354 2088 1531 2130 sonitus
1557 2088 1747 2142 placidae·

231 2162 390 2205 ducere
416 2164 572 2215 posset
596 2174 745 2216 aquae»
778 2165 823 2204 et
847 2162 947 2204 adn.
976 2162 1032 2205 ad
1057 2163 1100 2205 h.
1127 2164 1181 2213 l.;
1208 2164 1508 2218 fragmentum
1535 2164 1742 2220 Sophool.

233 2239 352 2296 apud
391 2239 478 2282 Cic.
506 2239 574 2281 Ad
611 2239 698 2282 Att.
726 2239 783 2281 H.
819 2240 858 2289 7,
886 2240 941 2282 4:
978 2238 1057 2283 κᾶν
1095 2237 1170 2283 ὑπὸ
1209 2244 1333 2297 στέγῃ
1376 2240 1539 2299 Πυκνῆς
1579 2241 1743 2286 ἀκούειν

234 2317 415 2375 ψεκάδος
442 2314 620 2372 εὸδούσῃ
647 2318 789 2373 φρενίς
817 2315 911 2359 Liv.
939 2316 1094 2360 XXIV.
1112 2318 1184 2367 46,
1213 2319 1267 2361 5:
1300 2319 1494 2362 «imber.
1513 2353 1524 2362 .
1543 2353 1554 2362 .
1579 2321 1744 2364 lentior

233 2394 394 2437 deinde
421 2394 722 2448 aequaliorque
761 2393 967 2438 accidens
1004 2395 1188 2438 auribus
1213 2410 1424 2451 magnam
1462 2401 1637 2453 partem
1665 2399 1743 2441 ho-

233 2473 409 2514 minum
437 2472 643 2525 sopivit».

294 2549 344 2592 V.
382 2550 575 2591 49—52.
613 2548 818 2604 furorem
859 2548 950 2602 Qui
984 2550 1133 2594 maris
1171 2552 1213 2594 et
1251 2551 1404 2595 tristes
1444 2552 1564 2609 ferre
1603 2554 1745 2608 potest

235 2625 433 2682 pluvias,
478 2626 667 2667 iniurias
708 2625 804 2667 oaeli
844 2626 1065 2682 intellegit
1110 2628 1332 2671 militibus
1377 2629 1646 2672 tolerandas.
1687 2654 1744 2657 —

236 2703 391 2746 tristes
416 2735 427 2745 .
455 2735 466 2745 .
495 2735 505 2745 .
532 2702 730 2758 pluvias,
756 2703 808 2744 ut
846 2702 954 2746 Hor.
983 2702 1073 2747 Sat„
1100 2704 1134 2747 I.
1168 2706 1204 2756 1,
1234 2707 1317 2749 36:
1350 2706 1602 2749 «inversum
1641 2719 1744 2747 oon-
