1942 3132
773 249 832 280 m
851 249 882 279 1.
906 247 941 286 5,
963 246 1132 278 48—46.
1641 233 1708 269 149

199 381 364 417 meam,
393 368 581 423 supple:
606 367 799 410 amicam
812 380 825 417 3
851 366 905 409 cf.
933 365 1034 408 adn.
1064 379 1200 420 supra
1216 365 1271 407 ad
1288 365 1321 407 L
1349 366 1390 415 4,
1411 367 1436 408 7
1441 367 1494 408 5:
1526 365 1710 408 «Pareat

199 445 279 487 illa
305 458 439 487 suae».

259 521 309 564 V.
337 520 529 563 43—46.
556 518 665 563 Non
687 518 800 576 facit
825 516 907 562 hoc
932 517 1095 568 verbis,
1122 517 1242 574 facie
1281 517 1534 573 tenerisque
1560 516 1707 561 lacer·

202 599 259 643 tis
299 596 497 642 Devovet
536 599 578 641 et
615 595 751 653 flavis
789 597 949 639 nostra
984 595 1146 651 puella
1187 594 1341 645 comiS,
1367 597 1419 637 ut
1446 609 1581 650 supra
1605 596 1638 638 Ι.
1668 598 1708 648 8,

201 675 405 718 23—024:
438 672 580 726 «Quid
603 685 766 728 queror
802 673 892 715 heu
927 672 1095 714 misero
1137 684 1317 713 carmen
1354 672 1577 722 nocuisse,
1606 672 1711 727 quid

202 751 398 794 herbas?
435 750 602 794 Forma
639 750 757 793 nihil
781 749 968 804 magicis
1016 749 1160 791 utitur
1186 749 1405 791 auxiliis».
1449 773 1508 777 —
1549 749 1709 800 verbis,

201 829 406 871 cantibus
443 827 642 882 magicis.
683 851 743 855 —
790 825 917 869 Talis
953 824 1015 869 ad
1052 823 1353 870 Haemonium
1389 824 1551 869 Nereis
1578 825 1713 870 Rzlea

201 904 439 963 quondam
471 903 615 948 Vecta.
630 905 699 947 est
711 903 893 960 frenato
908 902 1083 947 caerula
1092 903 1215 960 pisce
1235 902 1401 955 Thetis,
1423 903 1712 958 cogitandum

202 984 256 1025 de
282 982 468 1025 Thetide
493 982 551 1025 ad
575 981 758 1036 nuptias
784 994 888 1024 cum
912 980 1047 1023 Peleo
1074 980 1363 1023 celebrandas
1387 979 1711 1035 proficiscente,

201 1063 253 1102 ut
276 1060 372 1102 Val.
398 1058 546 1102 Flacc.
572 1059 607 1101 L
640 1059 900 1101 130—-132:
933 1058 1044 1100 «Hie
1080 1059 1335 1113 insperatos
1372 1058 1590 1112 Tyrrheni
1625 1060 1713 1101 ter-

203 1151 308 1192 gore
333 1137 471 1191 piscis
496 1135 654 1178 Peleos
679 1135 730 1177 in
754 1135 981 1178 thalamos
1008 1135 1188 1178 vehitur
1212 1135 1378 1186 Thetis,
1406 1148 1585 1190 aequora
1622 1135 1712 1178 del—

202 1214 315 1269 phin
355 1213 604 1269 Concipit·.
631 1238 692 1242 —
724 1212 861 1263 Talis,
901 1214 983 1256 tali
1023 1213 1360 1268 pulchritudine
1400 1213 1621 1267 insignis:
1658 1214 1712 1256 cf.

204 1291 364 1335 Catull.
385 1292 455 1342 64,
475 1292 559 1334 28:
582 1290 725 1333 «Tene
742 1291 894 1333 Thetis
911 1291 1059 1333 tenuit
1074 1290 1377 1345 pulcherrima
1393 1290 1584 1333 Nereine
1596 1295 1640 1334 5’.
1657 1316 1714 1320 -

206 1367 516 1418 Haemom‘um,
540 1368 820 1417 Thessalum,
844 1368 951 1423 quia
965 1368 1125 1410 Peleus
1145 1368 1361 1422 regnabat
1377 1368 1426 1409 in
1442 1367 1713 1418 Phthiotide,

203 1446 445 1489 Thessaliae
470 1446 750 1499 (Haemoniae)
775 1449 916 1501 parte.
943 1471 1002 1475 —
1028 1444 1207 1498 Nereis,
1233 1445 1327 1487 filia
1353 1445 1496 1494 Nerei,
1525 1445 1596 1488 dei
1621 1459 1714 1487 ma·

202 1524 303 1566 rini.
331 1548 390 1552 —
414 1523 599 1580 frenato
625 1557 636 1566 .
664 1556 675 1565 .
704 1556 715 1566 .
737 1523 879 1579 pisce,
908 1523 1137 1578 delphine,
1164 1525 1215 1565 ut
1242 1524 1379 1565 etiam
1405 1523 1483 1564 alii
1512 1522 1585 1565 dei
1620 1536 1712 1565 ma-

203 1602 292 1644 rini
316 1602 365 1644 in
390 1602 580 1656 picturis
605 1601 947 1655 conspiciuntur
970 1601 1020 1643 in
1046 1601 1260 1655 delphine
1287 1601 1495 1643 sedentes
1509 1615 1520 1650 ;
1543 1602 1596 1643 cf.
1615 1600 1711 1643 Val.

203 1679 323 1722 Flac.
362 1679 512 1722 locum
551 1692 687 1734 supra
723 1679 843 1722 laud.
884 1682 928 1721 et
959 1678 1037 1722 Ov.
1064 1678 1171 1720 Met.
1198 1677 1273 1720 XL
1303 1679 1570 1720 236—237:
1602 1691 1713 1733 «quo

208 1769 324 1810 saepe
364 1756 517 1798 venire
542 1756 738 1799 Frenato
780 1756 996 1810 delphine
1040 1755 1212 1806 sedens,
1257 1756 1385 1798 Theti
1426 1755 1560 1804 nuda,
1601 1756 1714 1797 sole-

205 1832 328 1875 bas».
356 1857 414 1862 -—
442 1833 616 1876 caerula
641 1865 651 1875 .
680 1866 691 1875 .
720 1866 730 1875 .
766 1831 933 1882 Thetis,
981 1836 1033 1875 ut
1077 1831 1187 1875 Hor.
1234 1832 1373 1886 Epod.
1429 1834 1493 1882 13,
1547 1834 1612 1874 16.
1661 1831 1715 1874 de

207 1909 407 1952 Achille:
441 1923 548 1951 «nec
587 1912 731 1951 mater
773 1909 958 1951 domum
984 1909 1155 1952 Caemla
1196 1912 1240 1951 te
1278 1909 1483 1951 revehet»
1516 1911 1559 1950 et
1585 1908 1712 1964 Prop.

207 1989 264 2030 H.
293 1989 332 2032 9.
366 1989 445 2030 15:
478 1987 615 2030 «Cum
641 1987 723 2029 tibi
750 2000 833 2028 nec
858 1986 1017 2029 Peleus
1056 1986 1209 2028 aderat
1233 1999 1317 2028 nec
1342 1986 1504 2028 caerula
1526 1987 1713 2028 mater».

209 2065 308 2107 Diis
333 2065 472 2106 maris
499 2067 544 2106 et
570 2063 810 2106 fluviorum
826 2064 992 2107 virides
1009 2066 1089 2106 aut
1105 2065 1316 2106 caeruleas
1340 2066 1488 2106 vestes
1513 2064 1718 2106 tribuunt

207 2143 352 2196 poetae
379 2143 564 2195 propter
603 2141 800 2183 colorem
838 2154 990 2195 aquae;
1017 2142 1070 2184 cf.
1098 2141 1176 2184 Ov.
1203 2142 1252 2184 A.
1279 2141 1329 2183 A.
1357 2141 1434 2183 HL
1469 2141 1715 2184 177—178.

210 2218 264 2261 de
288 2221 411 2261 veste
450 2218 664 2259 eaerulea:
698 2217 808 2259 «Hic
834 2218 981 2260 undas
1018 2218 1234 2267 imitatur,
1264 2217 1399 2260 habet
1424 2231 1601 2272 quoque
1636 2231 1716 2260 no·

208 2309 314 2338 men
340 2295 394 2337 ab
420 2294 581 2337 undis:
620 2293 895 2337 Crediderim
932 2295 1155 2350 nymphas
1194 2295 1277 2337 hac
1314 2308 1395 2350 ego
1420 2299 1543 2337 veste
1582 2295 1717 2349 tegi»,

207 2373 316 2416 Met.
342 2372 416 2415 IX.
447 2374 516 2415 302.
536 2372 589 2414 de
607 2371 830 2415 Acheloo:
853 2372 1010 2414 «reieci
1025 2371 1215 2415 viridem
1231 2372 1286 2415 de
1302 2386 1487 2427 corpore
1503 2375 1717 2422 vestem·;

208 2450 336 2504 Verg.
364 2451 474 2492 Aen.
503 2449 620 2491 VIII.
651 2450 839 2492 33-34.
867 2449 920 2492 de
960 2450 1195 2493 Tiberino:
1228 2451 1418 2493 «Tenuis
1455 2450 1614 2505 glauco
1645 2463 1718 2491 ve-

209 2528 332 2571 labat
369 2528 535 2570 amictu
562 2526 826 2577 Carbasus»;
855 2528 991 2570 etiam
1015 2527 1180 2571 virides
1221 2541 1359 2571 comae
1398 2530 1442 2570 et
1479 2528 1716 2569 caeruleum

210 2619 371 2660 corpus
408 2606 465 2647 iis
503 2606 775 2656 tribuuntur,
813 2609 863 2648 ut
900 2605 1009 2649 Hor.
1037 2606 1182 2650 Carm.
1210 2606 1288 2648 111.
1317 2606 1387 2655 28,
1420 2606 1499 2647 10:
1532 2604 1718 2646 «virides

211 2682 450 2729 Nereidum
475 2696 651 2726 comas»
684 2686 730 2725 et
753 2682 831 2725 Ov.
859 2683 965 2726 Met.
992 2683 1112 2726 XIII.
1141 2683 1403 2726 895--896:
1437 2680 1590 2734 «Quid,
1630 2680 1718 2722 nisi

216 2760 334 2815 quod
357 2762 516 2812 maior,
545 2759 663 2815 quod
689 2762 784 2802 toto
811 2761 998 2803 caerulus
1025 2774 1101 2803 ore
1118 2761 1220 2803 Acis
1237 2763 1355 2802 erat»
1378 2763 1421 2801 et
1448 2758 1553 2800 ibid.
1572 2759 1719 2799 960—-
