1942 3132
747 223 804 253 u>
822 223 872 253 11.
894 221 931 262 3,
954 220 1121 252 29—-s4.
1612 208 1683 243 263

185 339 408 398 Delphica
449 340 612 398 Pytho,
650 342 735 384 hoo
774 341 873 384 loeo
918 340 1062 395 Pytho
1107 341 1327 395 templum
1369 331 1413 383 et
1454 341 1682 383 oraculum

186 418 454 474 Delphicum
501 418 732 474 signifieat,
774 421 825 460 ut
869 418 1072 472 Aesohyl.
1114 417 1259 460 Prom.
1302 418 1401 460 650.
1446 420 1490 459 et
1534 417 1683 472 Eurip.

187 495 321 538 Andr.
362 497 432 539 52.
449 479 539 546 fef.
568 494 646 538 ον.
672 494 779 537 Met.
805 494 858 537 X.
891 495 1136 537 167—170.
1164 494 1218 537 de
1243 494 1452 549 Apolline
1490 495 1686 549 Hyacin-

187 572 316 614 thum
342 575 545 615 amante:
578 574 647 614 «et
672 571 776 614 orbe
801 571 855 613 In
881 570 1029 613 medio
1066 571 1203 625 positi
1227 575 1465 613 caruerunt
1500 573 1687 627 praeside

188 648 365 703 Delphi,
416 648 535 691 Dum
583 648 693 690 deus
741 648 940 690 Eurotan
1002 648 1374 703 immunitamque
1436 650 1689 704 frequentat

191 724 422 780 Sparten».
449 750 509 755 ——
533 723 706 782 Nempe
746 737 879 768 amor
916 724 968 767 in
1007 737 1155 781 parva
1194 725 1234 768 te
1270 725 1394 769 iubet
1430 738 1524 770 esse
1566 740 1687 778 casa,

139 836 141 839 .
189 802 339 844 locum
366 802 581 856 expressit
606 801 683 844 Ov.
710 802 759 844 A.
786 802 835 844 A.
863 802 920 844 II.
945 803 1207 845 239—240:
1241 801 1486 857 «Cynthius
1510 803 1689 846 Admeti

189 891 344 921 vaeeas
368 879 543 933 pavisse
559 879 727 921 Pheraei
743 878 902 922 Fertur
918 879 1025 922 etin
1050 893 1185 934 parva
1212 879 1442 923 delituisse
1468 893 1611 923 casa».
1630 907 1689 911 —

190 967 312 1009 casa,
341 955 593 1010 pastoricia.

251 1031 300 1074 V.
328 1032 516 1075 29—34.
543 1030 714 1075 Felices
741 1031 868 1087 olim,
894 1045 951 1075 so.
979 1033 1192 1075 mortales
1207 1047 1218 1082 3
1246 1035 1524 1077 aecusativus
1549 1036 1689 1078 excla-

191 1110 417 1160 mationis,
459 1111 511 1151 ut
550 1109 626 1152 Ov.
668 1109 774 1152 Her.
820 1111 884 1161 19,
929 1112 1185 1153 111—112:
1219 1111 1414 1154 «Felices
1454 1112 1567 1163 illas,
1611 1126 1692 1156 sua

193 1199 302 1241 quas
338 1187 576 1241 praesentia
608 1200 741 1229 nosse
767 1186 966 1229 Crimina
990 1201 1093 1230 vera
1118 1188 1252 1236 iubet.
1293 1189 1405 1232 falsa
1437 1191 1594 1233 timere
1619 1205 1692 1233 ve-

192 1266 299 1305 tat».
323 1287 376 1292 —
392 1265 612 1307 aeternos.
634 1298 642 1306 .
662 1297 672 1306 .
693 1263 814 1319 de03,
839 1266 1129 1310 immortales.
1157 1269 1208 1308 ut
1233 1280 1367 1321 supra
1392 1267 1464 1308 IV.
1484 1269 1526 1317 4,
1551 1269 1614 1311 14.
1634 1293 1692 1297 ·--

192 1338 377 1383 Fabula
413 1353 534 1384 nune
571 1340 648 1384 ille
685 1344 767 1395 est,
792 1355 849 1384 sc.
878 1343 1063 1397 Apollo:
1104 1344 1245 1385 estin
1272 1357 1346 1386 ore
1386 1345 1622 1387 hominum
1650 1349 1695 1387 et

194 1416 446 1467 deridetu1·;
472 1419 524 1460 ef.
545 1417 646 1460 adn.
667 1431 802 1472 supra
817 1418 871 1460 ad
888 1419 922 1460 Ι.
940 1419 983 1469 4,
1002 1420 1083 1460 83:
1109 1420 1275 1473 «turpis
1302 1419 1452 1462 fabula
1468 1419 1616 1463 fiam».
1635 1447 1694 1450 —

193 1495 270 1538 cui
296 1507 384 1538 sua
408 1508 521 1538 mara
541 1495 701 1551 puella
727 1498 805 1549 est,
830 1495 856 1537 i.
887 1510 922 1537 e.
951 1496 1020 1537 eui
1061 1509 1142 1538 sua
1178 1496 1329 1550 puella
1368 1511 1473 1539 cura
1512 1500 1590 1547 est,
1619 1499 1694 1553 qui

196 1584 323 1614 suam
359 1573 557 1627 puellam
594 1586 695 1614 vere
734 1576 880 1622 amat;
919 1573 971 1614 of.
1012 1586 1147 1628 supra
1173 1572 1294 1628 Sulp.
1322 1573 1394 1616 IV.
1429 1576 1494 1626 12,
1526 1577 1574 1617 1:
1607 1576 1695 1617 «Ne

195 1650 278 1692 tibi
304 1651 402 1699 sim,
429 1664 530 1692 mea
554 1651 643 1700 lux,
669 1664 791 1704 aeque
829 1651 919 1692 iam
958 1650 1126 1692 fervida
1164 1664 1312 1700 eura»;
1339 1650 1415 1694 Ov.
1445 1651 1548 1694 Met.
1576 1653 1694 1695 VIII.

199 1727 310 1770 727:
343 1726 481 1769 «Cura
519 1727 583 1782 pii
620 1726 689 1769 dis
728 1730 856 1769 sunt»
901 1731 945 1770 et
980 1728 1085 1770 Her.
1120 1730 1183 1778 16,
1213 1730 1295 1771 96:
1329 1728 1437 1772 «Sed
1479 1731 1696 1786 Nymphis

201 1804 336 1847 etiam
363 1818 554 1859 curaque
593 1818 805 1859 amorque
844 1807 950 1847 fui».
979 1831 1037 1834 —-
1064 1805 1138 1848 cui
1175 1807 1295 1849 lod-sti
1332 1808 1480 1863 fronte
1520 1806 1696 1864 Cupido

200 1881 419 1938 Imperat,
434 1882 505 1923 eui
522 1883 659 1924 Amor
674 1895 766 1924 non
783 1885 851 1924 est
874 1883 1107 1936 propitius,
1136 1884 1206 1924 eui
1234 1884 1383 1938 puella
1409 1884 1520 1927 dura
1546 1889 1623 1928 est.
1640 1911 1697 1915 ——

205 1959 343 2012 tristi,
370 1972 534 2001 severa.
561 1983 619 1988 -—
646 1957 862 2014 Imperat,
885 1963 936 2001 ut
961 1960 1205 2013 imperator
1229 1961 1388 2010 militi3
1415 1963 1468 2003 cf.
1496 1961 1572 2004 Ov.
1600 1963 1696 2006 Am.

199 2037 254 2079 IL
289 2038 354 2085 12,
383 2037 583 2078 27—:282
617 2035 810 2091 «Cupido
836 2037 972 2079 Iussit
997 2038 1167 2079 militiae
1207 2039 1333 2092 signa
1358 2052 1534 2081 movere
1560 2053 1695 2082 meae»

203 2117 247 2156 et
271 2113 394 2155 Rem.
425 2114 566 2155 3—4:
599 2113 756 2155 «Parce
795 2116 922 2156 tuum
948 2118 1097 2157 vatem
1134 2116 1313 2158 sceleris
1350 2115 1575 2167 damnare,
1615 2116 1699 2160 Gu-

202 2191 321 2246 pido.
349 2189 529 2232 Tradita
554 2191 629 2244 qui
661 2191 794 2233 toties
832 2195 874 2233 te
914 2191 1023 2234 duce
1063 2193 1190 2246 signa
1228 2193 1354 2234 tuli».
1382 2219 1440 2221 —
1465 2194 1516 2236 in
1541 2198 1700 2238 nostra

204 2267 298 2311 sint
325 2270 404 2311 tua
431 2267 585 2309 castra
610 2265 760 2322 domo,
784 2268 992 2311 militiam
1031 2270 1294 2312 amatoriam
1327 2271 1443 2325 apud
1470 2285 1540 2313 me
1567 2271 1699 2322 disce,

203 2358 274 2387 me
300 2344 513 2397 magistro
540 2343 659 2387 disee
684 2344 845 2388 Veneri
872 2347 1035 2388 servire
1061 2348 1128 2399 (cf.
1157 2361 1241 2390 vss.
1263 2350 1480 2400 290—30.)
1504 2352 1555 2391 ut
1580 2350 1700 2391 favo-

204 2435 299 2463 rem
340 2421 500 2476 puellae
542 2421 732 2464 assiduis
772 2422 999 2466 laboribus
1041 2425 1121 2466 tibi
1163 2426 1400 2467 conciliare
1442 2428 1612 2480 possis;
1655 2427 1701 2468 in

205 2499 362 2541 eastris
404 2499 523 2540 enim
566 2500 882 2543 exercebantur
917 2501 1097 2544 tirones.
1138 2502 1203 2544 De
1241 2503 1396 2544 eastris
1434 2504 1609 2545 Amoris
1648 2505 1700 2545 c-f.

208 2589 343 2630 supra
370 2576 425 2618 IL
455 2578 495 2620 6.
524 2577 563 2618 9.
593 2576 648 2618 ad
673 2577 908 2619 Amorem:
943 2579 1108 2633 «Atque
1134 2580 1297 2621 iterum
1325 2593 1527 2622 erronem
1554 2581 1601 2621 in
1627 2584 1703 2621 tua

208 2656 352 2695 castra
389 2666 540 2702 vocam
580 2651 656 2694 Ov.
697 2654 792 2695 Am.
827 2653 859 2695 I.
901 2655 940 2704 9,
975 2656 1021 2696 1:
1055 2654 1245 2697 «Militat
1282 2655 1428 2697 omnis
1465 2669 1622 2697 amans
1661 2659 1704 2696 et

207 2729 342 2771 habet
379 2742 460 2771 sua
491 2731 635 2771 eastra
672 2728 869 2784 Cupido»
901 2734 945 2773 et
982 2730 1085 2773 ibid.
1113 2731 1190 2773 ΠΙ.
1227 2733 1288 2779 15,
1324 2733 1518 2774 15—16:
1553 2732 1703 2774 «Culte
