1942 3132
296 195 364 230 226
858 211 914 240 AD
935 210 991 240 1v.
1015 210 1048 247 3,
1073 209 1214 240 5—14.

298 326 436 368 cussit
471 325 673 367 Adonem
713 325 960 368 Venantem
994 326 1135 373 Idalio
1167 327 1330 368 vertice
1371 327 1506 369 durus
1545 341 1688 382 aper».
1731 353 1782 358 ——·

299 400 390 444 Neo
416 401 498 444 tibi
519 401 599 444 sit.
623 436 630 443 .
651 436 659 443 .
683 402 867 453 acuisse,
887 404 939 445 of.
965 403 1062 444 adn.
1089 403 1143 444 ad
1164 403 1196 444 I.
1219 404 1258 452 6,
1278 404 1357 445 024:
1391 403 1535 444 «Tunc
1556 404 1669 445 mihi
1690 417 1782 446 non

298 479 437 520 oculis
461 479 517 520 sit
534 479 736 521 timuisse
754 480 908 522 meis».
923 505 982 509 —
997 478 1138 522 duros
1156 479 1331 522 acuisse
1352 481 1402 523 in
1420 480 1602 535 proelia
1616 479 1784 534 dentes,

299 570 404 610 aper
427 557 475 597 in
503 557 728 610 stipitibus
763 557 969 599 arborum
1007 558 1162 599 dentes
1189 570 1394 599 exacuere
1421 558 1583 607 fertur3
1622 558 1675 599 cf.
1704 557 1780 600 Ov.

297 631 402 674 Met.
421 632 538 674 VIII.
561 633 670 674 369:
704 633 943 675 «Dentibus
961 634 1035 675 ille
1053 634 1175 675 ferox
1189 634 1238 674 in
1260 647 1426 687 querno
1450 633 1599 687 stipite
1621 634 1780 675 tritis».

356 710 405 752 V.
435 711 592 752 5—10.
622 709 772 763 Delia,
797 710 942 752 Diana
966 712 1014 752 in
1036 711 1184 752 insula
1209 710 1308 751 Deli
1330 713 1445 752 nata.
1473 735 1532 738 ——
1554 709 1782 766 deficiant-

302 799 387 842 que
422 798 572 838 canes,
611 786 840 840 defatigati
866 788 1019 846 venari
1056 787 1273 829 desinant.
1302 812 1360 815 —
1390 785 1503 838 Quis
1540 786 1673 842 furor
1703 789 1780 836 esi,

301 862 454 903 eadem
479 862 611 912 verba
635 863 766 904 initio
808 863 1050 905 hexametri
1078 863 1151 905 Ov.
1181 864 1278 905 Am.
1316 863 1390 905 III.
1439 865 1503 910 14,
1533 863 1571 905 7.
1598 889 1657 892 -
1682 872 1784 918 quae

300 951 443 991 mens,
469 939 657 988 insania,
686 942 736 981 ut
754 939 831 982 Ov.
847 939 951 981 Met.
970 940 1019 981 V.
1053 942 1128 981 13:
1163 939 1292 990 «Quae
1314 942 1369 990 te,
1386 953 1606 993 germana,
1635 940 1782 981 furen-

299 1019 388 1057 tem
413 1015 543 1058 Mens
570 1017 660 1070 agit
685 1017 734 1058 in
761 1017 934 1058 facinus
946 1021 988 1059 9»
1015 1042 1073 1045 -
1099 1015 1263 1060 densos
1287 1051 1294 1058 .
1321 1051 1328 1058 .
1355 1051 1362 1059 .
1388 1016 1535 1066 colles,
1554 1016 1629 1057 ubi
1647 1016 1785 1058 densa

302 1094 411 1135 silva
438 1096 517 1135 est.
544 1118 602 1121 —
628 1093 844 1148 indaqine
872 1094 1005 1137 colles
1040 1092 1350 1146 Claudentem,
1388 1094 1567 1139 retibus.
1607 1095 1659 1135 ut·
1681 1094 1713 1136 1.
1742 1094 1782 1142 4,

299 1170 380 1211 49:
414 1169 612 1211 «insidiis
635 1203 644 1212 .
669 1202 679 1210 .
705 1203 715 1212 .
758 1169 959 1211 claudere
984 1170 1146 1212 valles»
1167 1184 1177 1219 ;
1205 1170 1258 1211 of.
1284 1170 1409 1224 Verg.
1437 1169 1545 1212 Aen.
1573 1169 1645 1212 IV.
1677 1172 1783 1213 121:

308 1245 557 1299 «saltusque
584 1245 792 1298 indagine
820 1246 1027 1300 cingunt»
1060 1249 1102 1288 et
1129 1246 1205 1288 Ov.
1231 1245 1336 1288 Met.
1361 1246 1454 1288 VII.
1485 1247 1595 1288 766:
1629 1246 1783 1288 «Veni-

298 1335 397 1363 mus
425 1326 467 1364 et
492 1323 607 1364 latos
634 1323 843 1377 indagine
861 1324 1078 1365 cinximus
1100 1337 1270 1377 agros».
1297 1349 1355 1352 —
1378 1322 1679 1379 Candidaque
1706 1322 1783 1366 ha-

298 1399 437 1442 matis
465 1411 602 1442 crura
627 1401 786 1443 notare
824 1399 967 1453 rubis,
1003 1402 1053 1441 ut
1090 1400 1215 1453 Prop.
1255 1400 1325 1441 IV.
1366 1401 1406 1449 4,
1449 1401 1528 1441 <282
1573 1399 1785 1441 «Rettulit

300 1475 483 1517 hirsutis
522 1476 725 1517 bracchia
753 1479 871 1531 seota
903 1476 1068 1518 rubis».
1107 1476 1244 1517 Poeta
1270 1478 1371 1518 ante
1400 1477 1550 1518 oeulos
1577 1476 1785 1517 habuisse

297 1551 471 1593 videtur
495 1552 618 1594 Varr.
647 1551 736 1594 Sat.
762 1551 960 1606 Menipp.
979 1554 1078 1594 296.
1095 1553 1177 1604 (ed.
1194 1553 1478 1604 Buecheler):
1512 1551 1614 1594 «Sin
1636 1555 1784 1593 autem

299 1629 607 1671 delectationis
634 1642 768 1670 causa
793 1630 1032 1679 venamini,
1074 1634 1238 1683 quanto
1273 1631 1410 1671 satius
1439 1633 1504 1671 est
1532 1630 1664 1671 salvis
1691 1643 1784 1671 oru-

299 1705 420 1747 ribus
447 1706 495 1747 in
522 1706 634 1748 011·οο
664 1708 872 1760 spectare,
902 1721 1035 1761 quam
1062 1709 1131 1749 his
1158 1707 1453 1749 desoobinatis
1479 1707 1527 1748 in
1554 1707 1666 1748 silva
1692 1720 1784 1747 0111-

301 1795 395 1824 sare
409 1785 451 1823 ⁶2»
489 1807 547 1812 —-
582 1780 911 1839 Candidaque.
939 1818 981 1826 ..
1022 1797 1172 1833 crura,
1213 1784 1265 1825 de
1303 1785 1462 1826 iuvene
1499 1783 1698 1838 pulchro,
1738 1785 1789 1824 ut

299 1860 425 1913 Prop.
452 1860 509 1902 H.
542 1862 607 1909 13,
635 1862 716 1902 53:
751 1862 954 1903 «niveum
985 1862 1228 1918 Adonem».
1255 1886 1313 1890 -—
1341 1860 1550 1911 hamatis,
1579 1860 1786 1914 spinosis,

300 1939 350 1978 ut
381 1937 455 1979 Ov.
491 1936 597 1980 Met.
625 1938 682 1980 H.
711 1939 821 1980 799:
855 1939 1071 1980 «hamatis
1096 1938 1335 1993 praeoordia
1362 1939 1560 1980 sentibus
1585 1939 1783 1992 implet».

358 2015 409 2057 V.
441 2016 625 2057 11—-14.
658 2014 766 2070 [psa
795 2028 872 2071 690
893 2028 979 2071 per
1003 2019 1175 2058 montes
1211 2015 1329 2058 retia
1360 2016 1478 2058 torta
1510 2015 1674 2072 feram,
1701 2029 1787 2061 ser-

300 2091 388 2133 vile
417 2090 624 2142 officium,
652 2094 703 2133 ut
731 2106 862 2146 supra
887 2093 919 2135 I.
947 2094 988 2143 4,
1025 2095 1106 2135 50:
1140 2106 1243 2134 «neo
1264 2125 1274 2134 .
1298 2125 1308 2134 .
1333 2125 1343 2134 .
1371 2092 1513 2134 umeri
1540 2093 1650 2134 retia
1676 2093 1788 2133 ferre

301 2171 521 2219 negent»;
560 2169 612 2209 of.
656 2168 757 2210 adn.
787 2168 841 2209 ad
867 2169 908 2210 h.
944 2170 972 2210 l.
1001 2169 1103 2210 Tale
1131 2168 1326 2210 officium
1363 2168 1569 2222 praestitit
1606 2167 1787 2209 Oenone

302 2245 473 2294 Paridi;
503 2246 554 2285 of.
585 2244 660 2287 Ov.
690 2244 793 2286 Her.
824 2247 862 2294 5,
897 2246 973 2287 19:
1009 2246 1161 2287 «Retia
1188 2259 1302 2299 saepe
1330 2258 1476 2287 comes
1511 2245 1698 2287 maculis
1724 2245 1787 2286 di-

303 2322 464 2362 stinota
503 2322 714 2363 tetendi».
757 2322 880 2363 Idem
920 2324 1060 2364 facere
1087 2322 1263 2364 volebat
1300 2322 1482 2363 Phaedra
1518 2321 1787 2375 Hippolyt03

302 2399 354 2439 of.
384 2396 458 2439 Ov.
487 2397 592 2439 Her.
621 2399 662 2447 4,
690 2399 893 2440 41—402:
935 2399 1012 2440 «In
1037 2412 1195 2440 nemus
1233 2399 1295 2440 ire
1333 2398 1441 2439 libet
1465 2398 1713 2452 pressisque
1738 2399 1787 2439 in

302 2475 414 2515 retia
439 2476 578 2515 cervis
604 2473 787 2515 Hortari
815 2475 976 2517 celeres
1009 2489 1087 2529 per
1111 2476 1215 2528 iuga
1241 2488 1414 2516 summa
1440 2488 1571 2516 canes
1581 2490 1612 2515 ».
1641 2458 1788 2515 Etiam

302 2550 452 2592 Venus
493 2550 758 2604 sequebatur
789 2551 983 2593 Adonim
1006 2554 1256 2601 venantem,
1296 2554 1346 2593 ut
1373 2551 1447 2593 Ov.
1474 2550 1579 2592 Met.
1607 2550 1657 2591 X.
1687 2552 1785 2593 533.

304 2640 393 2681 sqq.
422 2631 581 2668 narrat.
611 2652 669 2655 —
694 2627 811 2670 retia
839 2630 969 2679 torta,
1009 2642 1103 2682 quae
1131 2642 1181 2670 ex
1210 2627 1297 2670 filis
1323 2627 1450 2669 tortis
1477 2629 1705 2676 oonstant;
1733 2628 1785 2668 of.

304 2704 403 2746 adn.
432 2717 566 2758 supra
592 2703 647 2745 ad
671 2704 704 2745 I.
730 2706 768 2754 9,
794 2706 873 2746 22:
908 2706 1097 2746 «intorto
1121 2705 1341 2746 verbere».
1370 2728 1427 2732 -
1453 2701 1632 2746 demam
1658 2703 1788 2746 celeri
