1942 3132
282 187 349 222 198
837 203 893 232 AD
914 204 962 232 Π.
988 203 1019 240 1,
1047 202 1209 232 11—20.

278 317 468 360 Hercule
495 321 655 361 nente:
696 319 944 362 «Rasilibus
975 319 1164 361 ‘calathis
1186 320 1452 381 imposuisse
1478 335 1703 371 manumm
1723 325 1769 365 et

277 395 372 436 Am.
410 394 441 436 I.
475 396 539 444 13,
570 395 651 437 29:
689 395 954 442 «Lanificam
977 409 1153 438 revocas
1192 395 1246 437 ad
1269 409 1348 438 sua
1374 409 1512 450 pensa
1537 412 1764 442 manum».

338 470 387 512 V.
429 472 611 512 11—14.
654 470 856 515 discedat
894 471 952 514 ab
980 471 1087 523 aris,
1118 470 1202 514 Cui
1228 471 1331 515 tulit
1357 471 1566 517 hesterna
1590 474 1765 531 qaudia

283 548 404 589 nocte
438 545 602 600 Venus,
629 547 847 589 debebant
874 549 1005 597 enim,
1035 548 1108 602 qui
1134 562 1265 589 mane
1308 548 1363 590 ad
1401 563 1524 591 sacra
1562 551 1765 593 accedere

279 623 498 673 volebant,
539 626 667 665 nocte
709 624 992 666 antecedente
1031 625 1079 665 in
1117 627 1236 666 casto
1277 638 1371 667 esse
1397 626 1425 667 i.
1456 639 1490 667 e.
1527 627 1766 670 concubitu

280 700 512 750 abstinere,
532 700 650 742 unde
677 700 751 743 Ov.
779 701 874 742 Am.
895 701 972 742 ΠΙ.
994 702 1032 750 7,
1053 702 1252 743 53—-542
1286 701 1345 742 «A
1359 705 1512 744 tenera
1534 704 1768 758 quisquam

280 777 341 818 sic
381 777 520 830 surgit
557 790 688 818 mane
724 778 885 831 puella,
925 778 1131 819 Protinus
1163 781 1213 819 ut
1251 781 1428 820 sanctos
1466 781 1609 833 possit
1646 781 1768 823 adire

279 854 384 895 deos
400 857 442 895 P»
472 877 532 882 —
560 851 697 903 Casta
730 853 916 909 placent
944 853 1123 909 pueris,
1149 854 1176 895 i.
1208 867 1230 895 e
1257 868 1440 908 corpora
1478 859 1599 898 casta
1629 858 1766 909 (coitu

278 942 371 971 non
395 929 657 982 inquinata),
684 931 828 971 vestes
854 931 898 970 et
928 943 1089 971 manus
1116 944 1251 984 purae.
1280 955 1339 958 —
1358 943 1482 986 pura
1507 945 1610 974 cum
1635 934 1765 980 veste,

278 1006 330 1047 cf.
359 1005 458 1047 adn.
490 1019 622 1059 supra
648 1004 703 1046 ad
727 1005 760 1046 Ι.
795 1007 858 1054 10,
888 1007 971 1048 27:
1004 1019 1138 1059 «pura
1159 1020 1259 1048 cum
1275 1011 1439 1049 veste».
1468 1033 1526 1037 —
1550 1009 1768 1052 manibus

271 1081 408 1136 puris
434 1080 597 1124 sumite
624 1081 763 1135 fontis
790 1093 978 1136 aquam,
1013 1095 1096 1135 -per
1118 1083 1373 1136 prolepsin:
1413 1084 1574 1126 sumite
1608 1098 1768 1139 aquam

277 1158 484 1199 manibus
509 1157 643 1209 (ἀπ),
669 1161 718 1199 ut
744 1172 864 1212 purae
889 1158 999 1200 fiant
1013 1176 1023 1210 ;
1051 1160 1103 1200 cf.
1134 1158 1209 1201 Ov.
1234 1160 1350 1201 Fast.
1372 1160 1418 1202 V.
1438 1162 1549 1204 435:
1583 1175 1768 1204 «manus

276 1248 411 1288 puras
452 1235 638 1276 fontana
681 1236 843 1288 perluit
888 1236 1031 1287 unda»
1086 1239 1128 1278 et
1173 1238 1276 1279 ibid.
1326 1239 1437 1280 726:
1476 1239 1771 1281 «Lustrantur

277 1325 410 1365 purae,
433 1325 542 1365 quas
570 1312 675 1353 facit
700 1313 791 1364 illa,
819 1313 976 1354 tubae».
1005 1337 1064 1342 -—
1088 1313 1229 1369 fontis
1253 1327 1440 1370 aquam,
1464 1314 1650 1357 flumine
1666 1316 1766 1358 vivo

277 1401 438 1430 manus
465 1389 612 1431 lavare
643 1389 874 1439 debebant,
916 1391 990 1444 qui
1018 1390 1071 1431 ad
1104 1404 1228 1433 sacra
1253 1392 1544 1442 accedebant3
1583 1393 1635 1433 cf.
1665 1392 1765 1434 adn.

280 1478 413 1518 supra
440 1465 494 1506 ad
519 1466 550 1506 I.
582 1467 619 1514 3,
649 1467 716 1507 25.

335 1542 383 1583 V.
428 1544 610 1585 15—20.
653 1541 847 1597 Gemite,
883 1544 1107 1600 fulgyentcs
1145 1547 1195 1587 ut
1238 1549 1309 1589 cat
1350 1558 1478 1588 sacer
1518 1558 1666 1603 aquus
1707 1545 1769 1589 ad

277 1631 387 1662 aras
443 1618 690 1674 Vinctaque
729 1621 835 1675 post
883 1620 981 1662 olea
1018 1619 1215 1663 candida
1260 1622 1397 1671 turba
1442 1634 1609 1675 comas,
1658 1622 1766 1664 allu-

276 1696 341 1738 dit
387 1697 440 1738 ad
486 1697 907 1738 circumductionem
953 1698 1135 1748 hostiae3
1182 1701 1315 1752 poeta
1356 1701 1456 1741 ante
1499 1700 1650 1741 oculos
1689 1699 1767 1741 ha-

275 1772 424 1814 buisse
468 1772 642 1813 videtur
686 1771 810 1826 Verg.
861 1772 936 1814 Ge.
985 1773 1017 1814 I.
1069 1774 1330 1817 345—346:
1390 1775 1579 1829 «Terque
1628 1788 1769 1816 novas

282 1849 445 1890 circum
473 1848 578 1890 felix
601 1851 671 1890 eat
696 1849 845 1890 hostia
871 1850 1031 1902 fruges,
1061 1850 1216 1895 Omnis
1244 1864 1375 1905 quam
1401 1852 1561 1893 chorus
1589 1854 1632 1893 et
1658 1852 1767 1893 socii

278 1926 547 1967 comitentur
572 1929 797 1968 ovantes».
825 1951 884 1956 —
909 1927 1145 1983 fulgentes,
1179 1942 1234 1970 sc.
1274 1927 1479 1970 flammis.
1507 1951 1566 1956 —-
1593 1930 1665 1971 eat
1684 1960 1695 1969 .
1719 1961 1729 1970 .
1753 1960 1763 1970 .

277 2013 425 2056 aquus
453 2000 513 2043 ad
539 2014 664 2055 aras,
701 2001 944 2044 ducebatur
979 2003 1099 2045 enim
1138 2004 1236 2046 laxo
1275 2005 1392 2053 fune,
1433 2007 1481 2045 ut
1517 2006 1674 2058 sponte
1700 2005 1767 2045 ire

275 2077 518 2127 videretur3
549 2079 600 2119 cf.
631 2077 750 2120 Serv.
793 2079 847 2120 ad
871 2078 978 2120 Aen.
1013 2079 1068 2120 II.
1102 2081 1214 2121 134:
1248 2080 1427 2121 «solutae
1454 2083 1557 2121 sunt
1595 2080 1763 2130 hostiae,

276 2167 381 2194 nam
407 2154 631 2208 piaculum
659 2158 725 2196 est
749 2156 797 2196 in
824 2155 1050 2198 sacrificiis
1090 2157 1257 2210 aliquid
1283 2171 1378 2199 esse
1404 2158 1681 2210 religatum».
1709 2181 1768 2186 —

275 2243 403 2273 sacer
447 2244 612 2287 aymus,
652 2232 799 2274 hostia
842 2233 1107 2275 ambarvalis
1147 2233 1230 2275 diis
1269 2237 1449 2276 sacrata.
1483 2257 1542 2264 —
1581 2232 1768 2276 Vincta-

276 2319 362 2361 que
383 2340 392 2348 .
418 2340 426 2348 .
452 2340 461 2348 .
507 2298 617 2357 olea,
659 2310 834 2350 coronis
877 2310 1107 2363 oleaginis.
1149 2334 1206 2338 ——
1247 2309 1445 2353 candida
1487 2310 1631 2360 turba,
1677 2310 1767 2351 die-

275 2382 357 2423 bus
395 2384 519 2424 festis
571 2386 714 2426 vestes
749 2385 873 2426 albas
912 2385 1124 2438 gerebant
1164 2387 1363 2440 antiqui3
1406 2387 1456 2438 cf.
1501 2385 1586 2429 Cic.
1629 2386 1759 2440 Legg.

275 2459 329 2499 II.
387 2460 452 2508 18,
503 2460 585 2502 45:
633 2461 778 2502 «color
816 2464 965 2503 autem
1004 2462 1129 2503 albus
1167 2463 1385 2516 praecipue
1423 2463 1631 2504 decorum
1681 2462 1764 2503 deo

279 2538 350 2576 est
375 2548 508 2588 quom
535 2536 583 2576 in
609 2538 767 2587 cetero,
799 2540 895 2579 tum
921 2539 1111 2579 maxime
1137 2539 1185 2579 in
1222 2539 1386 2581 textili»
1419 2541 1461 2580 et
1485 2539 1625 2580 Plaut.
1652 2538 1764 2580 Rud.

286 2610 319 2652 I.
364 2612 402 2660 5,
451 2612 528 2653 11:
576 2611 766 2664 «aequius
806 2626 885 2655 vos
919 2617 1011 2655 erat
1037 2613 1302 2656 Candidatas
1342 2615 1492 2657 venire
1530 2614 1766 2656 hostiatas-

283 2700 366 2741 que
405 2686 459 2728 ad
497 2687 581 2728 hoc
618 2687 817 2729 Fanum:
854 2689 907 2730 ad
932 2690 1068 2732 istum
1101 2691 1281 2733 modum
1309 2705 1401 2733 non
1425 2691 1567 2732 veniri
1610 2691 1766 2732 solet».
