1942 3132
751 259 808 288 u>
828 259 877 289 11.
901 257 934 296 5,
961 256 1077 287 1—4.
1594 240 1665 276 273

168 380 321 422 a'micae
361 393 462 430 suae,
503 378 630 420 cuius
671 390 821 420 amore
863 375 1036 431 deperit
1061 376 1342 428 (101—112).
1371 374 1514 429 Rogat
1552 387 1665 426 eam,

168 459 219 499 ut
242 459 397 511 parcat
420 456 522 499 vitae
549 468 640 498 suae
655 471 665 506 ;
693 454 816 509 cupit
855 453 975 495 enim
1014 453 1215 495 futurum
1241 451 1474 494 Messalini
1511 451 1666 494 trium-

168 534 309 589 phum
335 534 532 576 carmine
557 532 779 575 celebrare
805 532 1086 585 (113-120).
1113 531 1167 573 In
1198 529 1286 572 fine
1312 531 1474 572 iterum
1499 529 1667 584 Apolli-

170 626 275 654 nem
300 612 492 661 invocat,
518 614 568 653 ut
593 610 696 652 huic
722 611 826 652 voto
852 609 1075 664 propitius
1102 609 1159 651 sit
1184 609 1463 661 (121—122).

229 688 289 732 M.
315 688 520 731 Valerius
544 686 815 730 Messalinus
842 689 937 728 erat
959 685 1079 728 filius
1105 686 1249 728 maior
1264 684 1499 735 Messallae,
1527 685 1668 726 fauto-

171 766 233 808 ris
258 765 447 815 Tibulli;
475 778 527 807 eo
544 767 756 819 tempore,
785 777 871 818 quo
899 764 992 805 haec
1019 763 1160 818 elegia
1186 763 1351 817 scripta
1377 764 1455 812 est,
1486 762 1670 815 egregiae

142 857 147 861 ¹
173 843 269 898 spei
294 841 469 884 iuvenis
484 857 494 891 ;
522 841 680 883 consul
706 842 848 884 factus
874 843 941 883 est
967 853 1004 882 a.
1035 841 1073 882 3.
1104 853 1142 882 a.
1169 838 1269 882 Chr.
1298 841 1372 881 ιι*

232 918 281 961 V.
316 920 442 962 1—4.
469 929 614 961 novus
640 952 648 960 .
679 952 688 960 .
719 952 727 960 .
759 916 984 968 sacerdos,
1009 916 1282 959 Messalinus
1298 939 1357 946 —
1384 918 1464 959 tua
1489 914 1673 971 templa,

171 995 392 1050 templum
429 995 654 1050 Apollinis
692 994 887 1037 Palatini
926 994 979 1037 ab
1016 995 1216 1049 Augusto
1255 1007 1291 1036 a.
1334 995 1402 1036 28.
1432 1006 1469 1035 a.
1499 991 1601 1035 Chr.
1627 1005 1670 1034 n.

175 1073 437 1116 dedicatum.
466 1098 523 1101 —
549 1070 656 1115 Huc
681 1085 763 1129 aye
790 1085 895 1115 cum
931 1070 1112 1115 cithara
1150 1070 1527 1126 carminibusque
1556 1069 1674 1124 vem',

176 1164 231 1194 sc.
260 1154 311 1194 ut
337 1151 542 1206 spiritum
569 1154 711 1205 poetae
738 1151 908 1194 excitet.
928 1175 986 1179 —
1005 1148 1146 1211 Nunc
1174 1151 1214 1193 te
1240 1149 1416 1192 vocales
1443 1147 1674 1204 impellere

170 1228 335 1284 pollice
353 1227 566 1282 chordas,
584 1229 860 1271 accusativus
886 1241 986 1270 cum
1013 1227 1248 1288 infinitivo,
1275 1226 1441 1282 pendet
1465 1240 1491 1268 a
1512 1237 1677 1282 precor

176 1308 253 1358 (vs.
281 1307 366 1358 4.);
392 1305 536 1347 rarior
573 1305 858 1347 constructio,
899 1304 961 1347 Cf.
991 1303 1069 1346 Ov.
1096 1303 1202 1346 Her.
1235 1305 1300 1354 19,
1329 1305 1412 1346 82:
1445 1303 1526 1345 «Et
1561 1316 1675 1344 nun·

176 1394 310 1436 quam
347 1381 545 1436 placidas
585 1395 679 1424 esse
717 1394 922 1436 precarer
961 1394 1142 1435 aquas».
1169 1380 1358 1422 Versum
1391 1382 1495 1421 ante
1523 1378 1676 1420 oculos

177 1457 334 1500 habuit
369 1457 447 1500 Ov.
473 1459 572 1501 Am.
598 1458 654 1500 H.
683 1459 724 1507 4,
753 1458 834 1500 927:
868 1457 997 1499 «Haec
1035 1456 1244 1511 querulas
1282 1455 1422 1498 habili
1460 1456 1678 1510 percurrit

176 1535 336 1589 pollice
354 1535 566 1587 chordas»
590 1539 634 1577 et
648 1531 754 1577 Met.
773 1535 826 1577 X.
847 1536 954 1577 145:
977 1534 1062 1577 «Ut
1080 1534 1189 1576 satis
1206 1533 1424 1588 impulsas
1441 1533 1678 1587 temptavit

177 1606 336 1667 pollice
387 1611 616 1654 chordas».
651 1637 709 1641 —-
747 1612 936 1665 vocales,
987 1624 1171 1654 sonoras
1186 1626 1197 1661 3
1247 1612 1302 1653 cf.
1343 1610 1480 1665 Lygd.
1524 1612 1566 1663 4,
1606 1612 1630 1654 7
1636 1614 1676 1654 9.

178 1689 353 1743 (Apollo
395 1689 447 1732 de
490 1691 581 1741 se):
614 1689 759 1730 «Tunc
786 1702 867 1742 ego
908 1701 990 1731 nec
1032 1688 1202 1730 cithara
1243 1690 1446 1742 poteram
1487 1688 1677 1742 gaudere

180 1778 384 1808 sonora».
425 1791 485 1795 —
524 1766 771 1822 impellere,
810 1766 970 1820 Apollo
1012 1770 1089 1807 aut
1127 1764 1267 1807 Musae
1309 1765 1501 1807 excitant
1546 1765 1680 1819 pulsu

181 1843 285 1896 lyrae
327 1846 405 1885 aut
444 1846 579 1885 cantu
619 1843 740 1885 tibiae
780 1845 1015 1897 poetarum
1058 1843 1289 1896 spiritum3
1316 1843 1370 1884 cf.
1398 1842 1506 1884 Hor.
1535 1841 1680 1885 Carm.

180 1919 215 1962 L
248 1922 282 1969 1,
313 1921 513 1962 30—34:
552 1933 648 1961 «me
688 1919 885 1973 gelidum
927 1933 1086 1961 nemus
1126 1919 1521 1973 Nympharumque
1561 1919 1682 1961 leves

182 2011 282 2039 cum
311 1996 480 2051 Satyris
496 1998 621 2039 chori
640 1996 887 2040 Secernunt
902 1997 1084 2051 populo,
1105 1997 1140 2038 si
1159 2009 1304 2051 neque
1330 1996 1462 2038 tibias
1488 1996 1681 2050 Euterpe

182 2075 361 2118 cohibet
386 2088 467 2116 nec
492 2074 787 2128 Polyhymnia
811 2073 1035 2116 Lesboum
1053 2074 1216 2128 refugit
1240 2073 1420 2116 tendere
1447 2073 1677 2115 barbiton»

184 2158 228 2195 et
253 2153 359 2196 ibid.
386 2151 464 2195 III.
492 2154 532 2201 4,
566 2154 702 2195 1—4:
736 2152 988 2195 «Descende
1026 2153 1133 2194 caelo
1173 2155 1217 2194 et
1254 2152 1325 2194 dic
1352 2165 1431 2206 age
1462 2151 1573 2193 tibia
1598 2151 1681 2193 Re-

184 2231 290 2285 gina
314 2231 499 2283 longum
526 2228 724 2284 Calliope
762 2229 917 2279 melos,
947 2228 1034 2272 Seu
1059 2243 1165 2271 voce
1204 2243 1323 2271 nunc
1365 2229 1507 2271 mavis
1539 2231 1680 2279 acuta,

186 2307 273 2350 Seu
298 2307 460 2349 fidibus
485 2307 709 2350 citharave
735 2307 932 2349 Phoebi».
961 2332 1018 2335 —
1045 2305 1107 2350 ad
1147 2305 1306 2350 laudes
1342 2307 1516 2362 flectere
1549 2306 1685 2349 verba

186 2397 327 2439 meas,
351 2384 486 2427 verba
512 2384 844 2427 accommodare
884 2385 1087 2427 encomio
1126 2397 1226 2426 meo
1253 2385 1300 2426 in
1327 2385 1543 2426 honorem
1568 2383 1684 2425 Mes-

187 2463 319 2505 salini
348 2462 605 2511 scribendo;
631 2475 737 2504 nam
774 2475 867 2504 non
904 2462 1061 2504 modos
1100 2462 1261 2512 solum,
1289 2461 1366 2504 sed
1392 2462 1527 2503 etiam
1551 2461 1686 2503 verba

186 2540 435 2582 carminum
461 2539 619 2594 Apollo
657 2541 735 2581 aut
770 2539 910 2581 Musae
947 2540 1094 2594 poetis
1129 2540 1323 2589 dictant;
1363 2540 1416 2581 cf.
1456 2539 1584 2593 Prop.
1612 2538 1684 2579 IV.

194 2619 230 2668 1,
262 2618 369 2660 133:
403 2616 537 2658 «Tum
563 2616 643 2658 tibi
674 2630 818 2672 pauca
844 2630 925 2659 suo
952 2617 1007 2659 de
1033 2617 1229 2658 carmine
1268 2617 1404 2659 dictat
1429 2616 1611 2670 Apollo»
1645 2618 1685 2656 et

250 2782 270 2802 *
298 2780 353 2815 Cf.
377 2779 480 2815 infra
505 2780 665 2815 Excurs.
690 2779 760 2814 IX.

262 2863 440 2898 Nememy:
460 2864 542 2892 Alma·
564 2864 682 2891 Τι’ὸιιιιι·
703 2864 867 2891 carmina.
1504 2849 1546 2883 18
