1942 3132
773 193 992 231 exabusus
1012 200 1071 230 1x.
1604 189 1675 226 335

215 315 291 359 -Π,
319 318 359 367 6,
393 318 590 385 15--16ε

334 410 439 450 Acer
466 411 606 458 Amor,
634 410 784 450 fractas
813 411 973 451 utinam
1000 413 1072 450 tua
1100 413 1182 451 tela
1210 413 1391 462 sagittas.

388 479 431 520 Si
460 482 566 528 licet,
597 482 822 521 exstinctas
851 481 1127 533 aspiciamque
1155 482 1288 522 faces!

207 617 210 619 Α
232 622 304 666 IV.
334 624 372 674 2,
402 626 544 667 5—6:

333 719 448 758 Illius
478 732 527 759 ex
557 720 696 766 oculis,
726 733 819 759 cum
848 720 934 759 vult
963 732 1132 759 exurere
1162 719 1289 766 divos,

386 789 586 830 Accendit
611 791 799 840 geminas
827 791 1040 841 lampadas
1070 804 1167 830 acer
1195 791 1333 830 Amor.

231 931 264 974 I.
294 933 333 982 6,
363 934 444 975 24:

331 1024 446 1064 Tunc
473 1025 580 1064 mihi
609 1038 692 1065 non
722 1026 851 1064 oculis
878 1026 930 1064 sil
962 1026 1148 1066 timuisse
1178 1027 1292 1066 meis.

231 1162 302 1204 IV.
332 1163 369 1211 3,
401 1164 427 1204 3
442 1177 452 1204 :

332 1256 415 1295 Nec
442 1255 519 1295 tibi
547 1257 600 1295 sit
630 1256 754 1296 duros
782 1258 944 1297 acuisse
972 1259 1018 1297 in
1046 1240 1192 1308 proelia
1220 1259 1375 1298 dentes.

231 1389 416 1444 Scripsit
442 1394 593 1434 autem
618 1392 820 1435 Tibullus
841 1393 935 1435 haec
957 1395 1156 1437 carmina
1176 1398 1280 1450 post
1301 1395 1546 1438 secundum
1567 1397 1671 1439 Pro-

169 1469 301 1522 pertii
327 1468 492 1511 librum
518 1483 556 1512 a.
592 1470 680 1517 fere
721 1472 791 1513 25.
832 1484 871 1514 a.
912 1471 1012 1515 Chr.
1052 1486 1096 1515 n.
1139 1472 1330 1522 editum;
1372 1487 1477 1516 nam
1515 1474 1587 1517 IV.
1628 1477 1668 1520 5.

171 1546 355 1589 15-—16.
395 1547 550 1600 procul
586 1547 721 1590 dubio
758 1548 961 1591 imitatur
998 1549 1126 1604 Prop.
1166 1550 1221 1592 Π.
1268 1551 1334 1600 15,
1376 1552 1578 1601 25--26.‚
1621 1553 1672 1593 ut

170 1635 304 1677 supra
328 1623 376 1664 in
403 1623 502 1665 adn.
533 1637 651 1678 exeg.
681 1623 735 1666 ad
761 1625 804 1666 h.
831 1625 859 1666 l.
889 1624 1133 1668 docuimus.

637 1840 712 1904 lX.
742 1865 805 1921 De
834 1865 990 1916 elegiis
1018 1865 1119 1906 libri
1148 1865 1203 1907 11.

227 2007 280 2050 In
320 2008 436 2050 libro
479 2008 673 2050 secundo
716 2009 1030 2064 antiquissima
1071 2012 1138 2052 est
1179 2010 1480 2053 verisimiliter
1527 2010 1668 2064 elegia

163 2083 338 2141 prima,
362 2085 438 2127 ubi
466 2086 614 2140 agitur
639 2085 691 2128 de
718 2086 1070 2129 Ambarvalibus.
1100 2085 1274 2141 Scripta
1310 2091 1377 2128 est
1413 2090 1515 2141 post
1551 2087 1666 2130 Mes-

168 2161 289 2204 sallae
314 2162 592 2217 triumphum
621 2176 658 2205 a.
687 2164 756 2205 27.
786 2166 934 2205 actum
959 2163 1028 2215 (cf.
1056 2177 1142 2206 vss.
1169 2165 1255 2215 33.)
1277 2167 1431 2218 estque
1454 2165 1666 2207 adnume-

167 2238 307 2280 randa
331 2239 486 2292 elegiis
510 2239 603 2282 illis
628 2239 1020 2294 idyllico-eroticis‚
1050 2241 1204 2295 quales
1231 2241 1434 2283 Tibullus
1473 2241 1576 2284 inde
1612 2242 1666 2284 ab

166 2313 199 2356 L
231 2315 296 2357 10.
324 2315 475 2370 plures
503 2318 681 2372 scripsit
704 2318 748 2370 (i.
778 2331 812 2360 e.
841 2318 874 2360 Ι.
913 2319 991 2368 1Ο;
1030 2318 1063 2361 Ι.
1104 2320 1141 2368 3,
1187 2319 1222 2367 1,
1264 2319 1305 2370 5,
1346 2320 1383 2367 ⁶2,
1427 2322 1480 2368 ϋ;
1520 2319 1552 2361 Ι.
1595 2320 1663 2370 7.),

169 2403 303 2446 quare
328 2404 428 2434 eam
452 2393 588 2447 paulo
613 2398 716 2448 post
740 2394 909 2436 editum
930 2394 1094 2436 librum
1114 2395 1311 2450 primum
1335 2396 1544 2450 scriptam
1568 2409 1665 2438 esse

166 2468 262 2510 iure
289 2470 538 2524 suspiceris.
566 2470 777 2515 Proecedit
802 2475 919 2514 certe
945 2474 1144 2515 carmina.
1175 2474 1256 2516 sub
1289 2487 1426 2527 regno
1466 2474 1665 2516 Nemesis

167 2544 356 2600 scripta;
383 2546 436 2587 cf.
464 2546 517 2589 II.
551 2548 587 2598 1,
616 2548 804 2591 67-70,
833 2549 1155 2604 digressionem
1180 2550 1235 2592 de
1262 2549 1504 2605 Cupidine:

324 2634 418 2685 Ipse
448 2646 608 2686 quoque
635 2636 747 2676 inter
775 2648 894 2686 agros
921 2638 1111 2688 interque
1141 2640 1330 2677 armenta
1359 2637 1516 2688 Cupido

380 2705 510 2744 Natus
538 2707 580 2744 et
606 2705 833 2746 indomitas
862 2706 1011 2747 dicitur
1039 2708 1149 2747 inter
1177 2720 1313 2758 equas.
