1942 3132
768 209 824 240 AD
844 209 893 239 11.
916 208 951 246 3,
978 207 1141 238 14—16.
1636 195 1702 230 261

204 330 381 384 pavisse
422 329 626 371 Pheraeas
665 327 865 370 Fertur».
908 326 973 368 De
1014 326 1220 381 Apolline
1262 321 1434 368 medico
1475 328 1527 369 cf.
1573 341 1707 382 supra

205 405 278 448 IV.
305 408 347 452 4.
387 407 510 448 1-—4.

267 483 316 526 V.
350 485 562 526 14a—16.
589 481 690 539 Ipse
714 481 827 525 deus
852 481 1014 525 solitus
1048 481 1243 524 stabulis
1281 481 1503 535 expellere
1530 494 1708 534 vaccas,

207 564 310 615 post
334 561 454 603 hunc
479 573 655 603 versum
681 558 841 602 excidit
865 559 968 601 talis
995 560 1086 601 fere
1111 561 1415 613 pentameter:
1441 558 1640 600 «Dicitur
1665 563 1708 602 et

207 640 360 692 pastas
385 638 481 692 ipse
507 637 670 678 referre
709 636 935 686 domum»;
962 638 1078 678 certe
1118 636 1201 678 hoc
1239 635 1337 677 loco
1376 636 1500 677 stetit
1525 635 1706 678 verbum

207 729 389 771 regens:
417 715 579 757 dicitur
593 714 686 756 sive
702 715 851 757 fertur.
871 712 1142 756 -stabulis
1168 712 1407 768 expellere,
1433 711 1490 754 ad
1513 715 1705 767 pastum,

152 815 157 819 ·
207 799 258 836 ut
282 792 604 846 Pseudo-Verg.
644 790 738 834 Cul.
766 792 849 833 44:
883 790 1111 845 «Propulit
1146 792 1197 831 ut
1235 789 1423 832 stabulis
1451 788 1505 831 ad
1543 789 1710 844 pabula

208 872 312 914 laeta
351 870 587 926 capellam.
615 894 673 898 ——
711 868 899 912 miscere
939 880 1056 912 novo
1098 865 1300 910 docuisse
1340 866 1538 924 coa9ula
1580 867 1707 916 lacte,

210 951 352 990 artem
378 960 530 990 caseos
558 945 746 989 faciendi
787 946 972 988 invenit.
1000 970 1058 974 —
1084 957 1200 988 novo
1229 979 1237 987 .
1267 979 1275 986 .
1307 977 1318 987 .
1347 944 1476 999 lacte,
1514 945 1631 999 quia,
1660 947 1710 987 ut

206 1024 382 1068 colum.
409 1024 504 1067 VH.
533 1025 572 1073 8,
602 1024 640 1066 3.
670 1023 800 1064 dicit:
833 1024 1046 1074 «(caseus)
1081 1022 1197 1064 lacte
1233 1020 1330 1064 fieri
1367 1021 1498 1064 debet
1535 1023 1707 1064 sincero

207 1106 254 1146 et
278 1116 412 1158 quam
438 1102 758 1151 recentissimo,
785 1114 892 1142 nam
918 1100 1168 1154 requietum
1194 1099 1266 1141 vel
1290 1099 1480 1141 mixtum
1507 1100 1709 1141 celeriter

211 1193 387 1223 acorem
425 1180 661 1234 concipit».
689 1204 747 1208 —
773 1177 997 1228 docuisse,
1039 1190 1095 1219 sc.
1138 1176 1370 1226 homines3
1409 1178 1462 1219 cf.
1491 1190 1626 1230 supra
1650 1177 1706 1220 H.

208 1258 247 1300 7.
293 1258 361 1300 33.
404 1256 433 1299 d
496 1256 694 1299 Osiride:
728 1255 837 1297 «Hic
878 1255 1028 1297 docuit
1067 1257 1270 1296 teneram
1311 1255 1427 1309 palis
1468 1254 1709 1309 adiungere

205 1335 367 1377 vitem»
399 1337 444 1377 et
479 1334 534 1376 H.
569 1336 604 1383 1,
634 1334 822 1376 39—40.
863 1332 917 1375 de
956 1332 1042 1374 diis
1079 1332 1281 1374 rusticis:
1315 1331 1411 1373 «Illi
1449 1332 1710 1386 compositis

207 1411 403 1466 primurn
429 1411 616 1453 docuere
652 1409 810 1465 tigillis
836 1409 1053 1463 Exiguam
1079 1408 1210 1451 viridi
1248 1408 1406 1450 fronde
1432 1409 1606 1462 operire
1631 1407 1707 1450 do-

205 1498 372 1531 mum».
399 1513 458 1516 —
483 1487 693 1543 coaquZa,
732 1487 801 1530 lac
842 1486 1092 1541 cogebatur,
1135 1488 1186 1527 ut
1232 1486 1406 1529 Colum.
1448 1485 1542 1528 VH.
1584 1487 1623 1536 8,
1669 1489 1706 1530 3.

208 1565 326 1615 dicit,
364 1565 627 1620 plerumque
665 1564 769 1619 agni
808 1567 885 1607 aut
922 1563 1037 1605 haedj
1075 1563 1276 1618 coagulo,
1304 1564 1331 1606 i.
1363 1578 1397 1608 e.
1427 1564 1483 1606 ad
1508 1565 1577 1606 lac
1603 1564 1708 1607 den-

208 1643 399 1685 sandum
426 1641 719 1684 adhibebatur
742 1641 1018 1683 ventriculus
1042 1641 1251 1682 lactentis
1277 1641 1394 1683 haedi
1421 1644 1498 1683 aut
1514 1642 1632 1696 agni.
1652 1668 1706 1671 —

208 1717 405 1762 Lacteus
432 1720 474 1762 et
509 1717 718 1761 mulctris
757 1717 1013 1775 obriyuisse
1051 1717 1217 1772 liquor,
1241 1718 1312 1759 lac
1337 1718 1385 1760 in
1409 1718 1613 1760 mulctris
1638 1733 1709 1761 co-

207 1797 419 1850 gebatur;
459 1796 511 1837 cf.
540 1793 711 1837 Colum.
739 1794 833 1836 VH.
863 1795 905 1847 8,
933 1795 982 1836 3:
1017 1793 1119 1835 «sed
1157 1794 1357 1844 mulctra,
1399 1808 1500 1836 cum
1538 1796 1607 1837 est
1643 1810 1708 1838 re-

209 1873 332 1928 pleta
355 1872 481 1915 lacte.
508 1885 602 1913 non
629 1872 725 1913 sine
763 1875 916 1926 tepore
955 1871 1105 1926 aliquo
1132 1855 1274 1914 debet*
1299 1885 1395 1913 esse
1421 1905 1430 1913 .
1459 1906 1469 1914 .
1498 1906 1507 1914 .
1537 1875 1582 1914 et
1606 1886 1708 1915 con·

210 1951 374 2002 testim,
401 1962 502 1991 cum
527 1948 750 1990 concrevit
787 1948 944 2002 liquor,
973 1949 1021 1990 in
1045 1947 1236 1990 fiscellas
1260 1981 1270 1991 .
1299 1982 1308 1991 .
1337 1982 1347 1990 .
1379 1950 1710 1993 transferendus

210 2031 300 2070 est»
333 2029 378 2068 et
402 2025 506 2067 ibid.
529 2025 644 2067 VIII.
679 2025 743 2073 17,
779 2026 830 2067 3:
855 2025 1068 2067 «mulctra
1091 2038 1247 2067 recens
1271 2039 1452 2068 caseus»
1474 2027 1501 2069 i.
1522 2041 1557 2069 e.
1576 2027 1707 2070 modo

211 2119 234 2148 e
275 2105 466 2147 mulctra
505 2103 554 2145 in
593 2102 806 2144 fiscellam
846 2103 1103 2144 translatus.
1147 2102 1352 2145 Ceterum
1392 2103 1603 2147 mulctris
1644 2110 1711 2147 est

211 2182 466 2225 coniectura
506 2179 696 2233 Rigleri;
738 2180 790 2221 cf.
831 2179 950 2221 infra
987 2179 1087 2221 adn.
1128 2181 1222 2222 crit.
1263 2180 1320 2222 ad
1356 2181 1399 2222 h.
1440 2182 1469 2223 1.
1496 2206 1554 2210 —
1588 2180 1711 2225 Tunc

210 2259 386 2316 fiscella
428 2258 512 2300 levi
554 2254 736 2300 detexta
775 2260 843 2301 est
882 2256 1050 2300 m‘mine
1091 2255 1233 2312 iunci,
1272 2258 1326 2300 cf.
1367 2258 1492 2313 Verg.
1533 2259 1623 2301 Ecl.
1669 2261 1707 2307 2,

212 2337 413 2380 71—72:
447 2335 590 2387 «Quin
626 2337 676 2376 tu
714 2334 882 2389 aliquid
920 2334 1077 2377 saltem
1115 2336 1278 2390 potius,
1319 2349 1508 2391 quorum
1540 2337 1711 2392 indiget

210 2427 333 2465 usus,
372 2412 625 2454 Viminibus
662 2411 875 2467 mollique
911 2425 1044 2466 paras
1081 2412 1284 2455 detexere
1322 2414 1480 2456 iunco»
1525 2416 1569 2456 et
1604 2414 1707 2457 ibid.

217 2492 284 2540 10,
313 2491 363 2532 71
384 2505 393 2531 :
418 2488 596 2542 «gracili
616 2487 830 2530 fiscellam
846 2489 955 2531 texit
978 2488 1191 2531 hibisco».
1209 2514 1267 2518 —
1281 2489 1466 2545 fiscella,
1491 2490 1708 2537 calathus

211 2567 289 2610 ubi
313 2579 468 2609 recens
505 2578 660 2607 caseus
696 2564 954 2620 ponebatur,
982 2569 1033 2608 ut
1071 2580 1219 2608 serum
1246 2579 1296 2608 ex
1322 2580 1375 2608 eo
1402 2565 1627 2616 effiueret;
1655 2568 1706 2608 cf.

214 2643 385 2687 Colum.
428 2643 521 2685 VII.
566 2644 606 2693 8,
647 2645 697 2685 3:
742 2644 1014 2693 «confestim,
1057 2658 1159 2686 cum
1200 2645 1422 2687 concrevit
1462 2645 1618 2699 liquor.
1662 2645 1708 2686 in

212 2719 405 2763 fiscellas
440 2723 518 2762 aut
555 2720 602 2761 in
639 2720 839 2763 calathos
876 2720 1211 2764 transferendus
1249 2724 1327 2763 est,
1369 2721 1480 2762 Nam
1518 2722 1707 2763 maxime
