1942 3132
770 231 828 261 u>
849 230 897 261 11.
920 229 956 269 3,
979 229 1122 260 5—10.
1631 217 1702 253 259

201 343 294 404 agri
319 348 495 391 colendi
522 352 566 391 et
597 349 819 391 fructuum
857 347 1212 403 colligendorum
1249 362 1384 392 causa
1421 350 1699 401 constitutae;

198 425 402 468 Nemesis
428 426 560 473 enim,
588 428 639 468 ut
662 438 749 467 vss.
778 425 967 467 61—68.
995 424 1217 473 docemur,
1241 425 1335 479 agri
1358 425 1533 467 colendi
1552 426 1699 469 studio

198 503 305 545 urbe
338 502 526 545 abducta
551 504 629 545 est.
657 501 720 545 cf.
749 500 836 545 Cic.
866 501 991 544 Rosc.
1021 501 1142 545 Com.
1177 503 1255 545 12:
1287 501 1399 554 «Qui
1426 516 1531 556 ager
1554 517 1698 558 neque

196 579 351 622 villam
377 579 536 622 habuit
558 592 703 634 neque
731 593 782 620 ex
806 579 901 621 ulla
924 582 1050 634 parte
1076 580 1162 621 fuit
1186 579 1333 622 cultus
1358 613 1368 622 .
1397 613 1407 622 .
1436 613 1446 622 .
1475 580 1586 622 Tum
1605 584 1700 625 erat

197 670 301 711 ager
343 656 539 699 incultus
586 656 682 698 sine
727 658 858 706 tecto,
905 669 1024 698 nunc
1069 656 1345 699 cultissimus
1385 671 1488 699 cum
1529 659 1698 712 optima

195 734 344 776 villa».
372 758 430 762 ——
456 731 663 785 Ferreus,
702 736 753 776 ut
791 747 927 788 supra
962 734 995 776 Ι.
1042 735 1106 782 10,
1137 735 1175 775 2.
1216 736 1260 775 et
1298 735 1338 782 2,
1367 735 1450 777 65:
1483 733 1697 777 «Ferreus

169 809 171 811 ’
195 810 271 852 ille
298 811 423 853 fuit».
450 835 508 840 —
533 808 646 867 Ipsa
679 808 829 854 Venus
857 844 867 853 .
894 844 904 853 .
934 845 942 853 .
972 809 1129 860 Amor,
1157 811 1219 853 dii
1257 812 1423 854 amoris
1450 814 1698 866 sequuntur

194 887 428 942 pulchram
451 887 650 942 puellam
676 888 979 930 rusticantem.
998 913 1056 917 -—
1076 888 1193 932 latos
1212 920 1222 930 .
1241 923 1249 931 .
1269 921 1279 931 .
1299 888 1350 931 in
1375 900 1528 946 affro-s,
1557 903 1694 944 oppo-

195 966 365 1006 nuntur
403 964 622 1018 angustiis
658 964 807 1014 urbis3
847 966 899 1007 cf.
931 965 1054 1018 Verg.
1085 964 1160 1008 Ge.
1200 966 1255 1008 ΙΙ.
1290 967 1404 1009 468:
1437 966 1565 1008 «latis
1603 966 1696 1008 otia

194 1041 367 1083 fundis»
391 1043 435 1083 et
460 1042 612 1083 incert.
641 1044 753 1084 auct.
782 1042 908 1084 Aetn.
939 1043 1049 1084 384:
1075 1042 1303 1086 «Flamma
1328 1044 1464 1085 micat
1490 1044 1693 1098 latosque

191 1133 326 1162 ruens
368 1119 562 1162 exundat
601 1120 650 1161 in
691 1133 862 1174 agros».
903 1145 960 1149 —-
995 1118 1228 1177 Verbaque
1271 1121 1474 1164 aratoris
1515 1121 1692 1164 rustica

191 1193 323 1238 discit
361 1194 521 1250 Amor,
546 1197 594 1238 in
631 1197 820 1251 gemmis
859 1197 1055 1251 antiquis
1095 1210 1211 1251 saepe
1249 1198 1526 1252 conspicitur
1556 1199 1694 1240 Amor

189 1285 348 1322 arans;
374 1274 427 1315 cf.
457 1274 593 1316 etiam
618 1273 792 1316 Moschi
820 1274 954 1328 epigr.
982 1274 1115 1316 Anth.
1144 1274 1267 1316 Plan.
1297 1276 1409 1317 200:
1437 1273 1497 1323 εἰς
1524 1274 1691 1330 Ἔρωτα

189 1347 448 1405 ἀροτριῶντα.

246 1427 294 1470 V.
324 1429 483 1470 5—10.
511 1428 703 1484 fortiter,
731 1430 785 1470 cf.
815 1429 914 1471 adn.
945 1442 1079 1483 supra
1105 1428 1161 1471 ad
1176 1429 1231 1471 H.
1253 1431 1291 1479 2,
1317 1431 1395 1472 14:
1419 1430 1612 1472 «fortis».
1631 1455 1690 1459 —

185 1517 417 1560 versarem
444 1539 454 1549 .
483 1541 491 1549 .
521 1541 529 1548 .
562 1506 740 1550 bidente
777 1507 942 1562 solum,
980 1507 1267 1562 cogitandum
1305 1507 1358 1549 de
1396 1508 1553 1558 vineis,
1593 1521 1688 1562 quae

187 1583 349 1637 saepius
374 1583 660 1626 vertebantur
685 1584 891 1634 bidente;
918 1586 971 1627 cf.
991 1585 1117 1639 Verg.
1147 1584 1225 1627 Ge.
1245 1585 1299 1627 Π.
1321 1586 1419 1627 264.
1448 1585 1502 1627 de
1519 1586 1686 1628 vineis:

193 1659 273 1701 «Et
302 1659 522 1703 labefacta
559 1675 745 1704 movens
783 1663 992 1705 robustus
1030 1663 1183 1716 iugera
1223 1663 1407 1706 fossor».
1436 1689 1494 1693 —-
1517 1663 1688 1721 pinque

189 1735 353 1786 solum,
394 1737 538 1779 vineis
576 1743 757 1792 aptum;
796 1739 848 1781 cf.
877 1739 1004 1794 Verg.
1034 1738 1110 1782 Ge.
1139 1740 1195 1782 H.
1230 1742 1323 1783 181.
1354 1743 1397 1782 et
1430 1743 1685 1785 190—191:

191 1814 272 1855 «At
296 1827 392 1868 quae
418 1815 599 1869 pinguis
625 1816 790 1858 humus
817 1816 1022 1871 dulcique
1048 1817 1218 1871 uligine
1245 1818 1346 1859 laeta
1371 1851 1381 1860 .
1410 1852 1419 1860 .
1449 1851 1458 1860 .
1488 1819 1573 1860 Hic
1604 1819 1686 1861 tibi

184 1890 447 1944 praevalidas
465 1892 573 1934 olim
590 1893 821 1947 multoque
838 1892 1029 1936 fluentes
1048 1893 1247 1938 Sufficiet
1261 1895 1435 1937 Baccho
1452 1897 1607 1938 vites».
1628 1923 1685 1926 —

187 1965 363 2010 bidente
392 2002 400 2010 .
429 2002 437 2010 .
468 2002 476 2010 .
506 1971 732 2019 aratrum,
761 1971 812 2012 cf.
843 1984 978 2024 supra
1016 1971 1115 2014 adn.
1146 1971 1201 2013 ad
1226 1972 1258 2014 Ι.
1296 1973 1358 2022 10,
1386 1974 1470 2015 49:
1503 1973 1684 2016 «bidens

182 2056 463 2098 vomerque».
492 2070 549 2074 —
575 2058 764 2089 curvum
791 2081 799 2088 .
829 2081 838 2089 .
868 2081 876 2089 .
906 2049 1128 2093 aratrum.
1155 2053 1338 2104 propter
1375 2051 1564 2093 formam
1604 2052 1682 2094 bu-

183 2122 269 2171 ris;
297 2122 349 2164 cf.
377 2120 504 2176 Verg.
534 2122 611 2165 Ge.
641 2123 674 2166 L
710 2126 965 2167 169—170:
999 2125 1249 2169 «Continuo
1281 2128 1330 2168 in
1358 2127 1482 2170 silvis
1519 2143 1684 2184 magna

181 2199 225 2240 vi
250 2198 363 2264 flexa
387 2199 594 2243 domatur
617 2201 671 2243 In
704 2202 850 2244 burim
876 2206 921 2245 et
945 2203 1067 2244 curvi
1106 2204 1295 2247 formam
1335 2206 1495 2260 accipit
1531 2207 1682 2249 ulmus

181 2277 341 2318 aratri»
389 2280 433 2320 et
477 2278 580 2321 ibid.
624 2280 736 2322 494:
786 2281 1014 2335 «Agricola
1059 2282 1241 2324 incurvo
1288 2285 1453 2325 terram
1499 2285 1682 2327 molitur

182 2355 354 2395 aratro»
403 2357 446 2396 et
495 2354 550 2397 IL
603 2357 715 2398 513:
768 2358 996 2411 »Agricola
1046 2359 1230 2401 incurvo
1280 2364 1444 2403 terram
1494 2361 1682 2405 dimovit

178 2433 368 2472 aratro».
397 2456 451 2460 —
475 2431 693 2489 subiyunt
718 2469 726 2477 .
756 2469 764 2477 .
794 2469 802 2477 .
833 2448 964 2490 arva,
988 2440 1039 2478 ut
1070 2437 1196 2492 Verg.
1227 2437 1303 2480 Ge.
1331 2438 1364 2480 L
1399 2440 1506 2482 125:
1540 2440 1679 2483 «Ante

177 2507 328 2550 Iovem
355 2509 468 2551 nulli
496 2510 760 2564 subigebant
785 2526 889 2555 arva
915 2514 1104 2556 coloni».
1134 2540 1191 2543 —
1216 2515 1390 2558 steriles
1416 2550 1423 2558 .
1455 2551 1463 2558 .
1494 2551 1501 2558 .
1534 2516 1676 2567 boves,

177 2585 384 2634 castrati;
426 2585 478 2627 cf.
523 2585 682 2629 Catun,
727 2590 795 2638 63,
836 2590 905 2631 69.
945 2589 998 2632 de
1036 2591 1185 2633 Attide
1224 2596 1422 2634 exsecto:
1469 2607 1573 2648 «ego
1613 2595 1679 2636 vir

178 2661 341 2703 sterilis
384 2675 501 2704 ero».
548 2687 599 2691 —
637 2676 750 2708 arva
794 2665 1000 2718 serenda,
1042 2669 1289 2711 seminibus
1335 2670 1584 2720 inserenda,
1628 2674 1678 2713 ut

179 2737 296 2781 infra
320 2752 383 2782 vs.
414 2740 494 2804 70:
529 2741 701 2783 «sulcos
728 2746 872 2784 satos»
904 2745 931 2786 i.
961 2759 996 2787 e.
1026 2746 1249 2788 frumento
1276 2747 1463 2797 insitos;
1506 2750 1556 2790 cs.
1587 2748 1672 2790 Cic.

1468 2830 1530 2863 17*
