1942 3132
247 1768 283 1792 10

247 2535 286 2559 20

523 745 618 800 IN
655 744 1062 799 NATALEM
1098 745 1584 801 MESSALLAE.

979 970 1025 1021 (Ι.
1057 971 1114 1023 7.)

356 1056 489 1098 Hunc
516 1057 715 1098 cecinere
744 1055 861 1099 diem
888 1058 1034 1100 Parcae
1062 1059 1217 1101 fatalia
1242 1060 1400 1100 nentes

418 1132 634 1183 Stamina,
662 1146 755 1175 non
780 1134 863 1175 ulli
891 1134 1178 1177 dissoluenda
1204 1135 1313 1176 deo:

356 1209 488 1251 Hunc
515 1211 622 1260 fore,
648 1209 895 1264 Aquitanas
921 1213 1075 1265 posset
1101 1212 1175 1265 qui
1203 1210 1388 1252 fundere
1414 1213 1582 1264 gentes,

419 1287 559 1338 Quem
585 1289 797 1328 tremeret
822 1288 926 1329 forti
952 1288 1096 1330 milite
1123 1289 1265 1330 victus
1291 1288 1415 1330 Atax.

356 1364 581 1405 Evenere:
609 1376 750 1405 novos
775 1364 916 1418 pubes
942 1363 1147 1406 Romana
1173 1364 1426 1418 triumphos

416 1440 538 1482 Vidit
564 1442 608 1481 et
634 1441 831 1481 evinctos
857 1440 1065 1482 bracchia
1091 1444 1220 1495 capta
1246 1440 1403 1482 duces:

357 1518 413 1559 At
438 1520 481 1559 te
508 1517 708 1559 victrices
734 1517 898 1566 lauros,
925 1517 1152 1568 Messalla,
1179 1520 1407 1570 gerentem

418 1595 628 1635 Portabat
653 1594 797 1636 niveis
825 1607 978 1636 currus
1005 1594 1200 1635 eburnus
1228 1594 1367 1647 equis.

359 1672 458 1713 Non
485 1672 581 1712 sine
608 1684 680 1712 me
709 1673 775 1713 est
801 1671 882 1712 tibi
907 1673 1063 1724 partus
1090 1671 1260 1712 honos:
1288 1670 1491 1712 Tarbella
1515 1670 1687 1724 Pyrene

419 1749 560 1790 Testis
588 1751 630 1790 et
658 1746 822 1789 Oceani
847 1747 981 1789 litora
1008 1746 1251 1792 Santonici,

358 1826 500 1868 Testis
526 1826 636 1866 Arar
661 1824 994 1878 Rhodanusque
1020 1824 1136 1866 celer
1161 1837 1438 1878 magnusque
1466 1823 1694 1875 Garunna,

419 1902 626 1944 Carnutis
654 1903 698 1943 et
722 1901 827 1943 flavi
853 1901 1015 1943 caerula
1039 1901 1225 1954 lympha
1249 1900 1391 1954 Liger.

358 1980 427 2021 An
453 1982 508 2028 te,
537 1977 700 2032 Cydne,
729 1991 900 2027 canam,
929 1978 1082 2019 tractis
1109 1978 1185 2031 qui
1209 1977 1373 2019 leniter
1398 1977 1530 2019 undis

418 2055 642 2098 Caeruleus
668 2054 855 2108 placidis
879 2067 959 2108 per
982 2054 1097 2096 vada
1124 2055 1265 2108 serpis
1293 2054 1431 2108 aquis,

360 2133 563 2185 Quantus
590 2134 633 2174 et
659 2133 841 2173 aetherio
868 2132 1132 2184 contingens
1156 2131 1322 2173 vertice
1347 2130 1488 2172 nubes

417 2209 624 2263 Frigidus
650 2210 856 2251 intonsos
882 2209 1051 2250 Taurus
1078 2209 1169 2250 alat
1195 2208 1390 2251 Cilicas?

361 2286 475 2338 Quid
500 2288 701 2335 referam,
730 2288 780 2326 ut
805 2286 958 2327 volitet
985 2287 1179 2328 celebres
1206 2287 1375 2328 intacta
1398 2300 1478 2340 per
1502 2287 1636 2328 urbes

419 2362 530 2403 Alba
556 2362 793 2403 Palaestino
822 2365 976 2402 sancta
1002 2362 1209 2404 columba
1236 2361 1357 2416 Syro,

361 2439 506 2492 thue
531 2438 668 2479 maris
693 2441 868 2479 vastum
895 2440 1149 2491 prospectet
1173 2438 1368 2480 turribus
1395 2450 1543 2492 aequor

420 2514 567 2555 Prima
593 2515 734 2554 ratem
759 2513 904 2554 ventis
931 2513 1109 2555 credere
1137 2515 1266 2556 docta
1291 2514 1441 2568 Tyros,

362 2590 516 2643 Qualis
544 2593 598 2638 et,
627 2592 802 2631 arentes
829 2603 929 2631 cum
954 2590 1084 2632 findit
1110 2591 1251 2635 Sirius
1278 2605 1418 2646 agros,

419 2667 598 2709 Fertilis
625 2668 777 2708 aestiva
803 2667 930 2709 Nilus
959 2668 1152 2711 abundet
1179 2672 1325 2724 aqua?

361 2745 459 2786 Nile
485 2746 623 2798 pater,
653 2756 846 2797 quanam
872 2744 1040 2797 possim
1066 2747 1108 2786 te
1135 2746 1278 2788 dicere
1306 2759 1439 2788 causa
