1942 3132
313 204 359 238 28

255 505 295 529 40

252 888 291 911 45

248 1272 290 1297 50

247 1657 288 1681 55

244 2041 288 2066 ⁶0

243 2423 287 2448 65

1017 215 1046 243 1.
1071 214 1105 244 5.

433 334 489 373 At
515 332 642 373 dolor
664 332 714 372 in
739 332 945 372 lacrimas
971 333 1164 372 verterat
1191 344 1324 372 omne
1350 344 1536 372 merum.

374 408 496 462 Saepe
524 409 658 450 aliam
684 408 820 457 tenui,
853 407 940 457 sed,
970 421 1071 448 cum
1098 407 1187 447 iam
1215 406 1376 460 gaudia
1402 407 1581 457 adirem,

431 485 676 526 Admonuit
701 483 893 525 dominae
920 483 1204 536 deseruitque
1230 482 1394 524 Venus.

371 562 494 603 Tunc
520 575 591 602 me
617 560 850 603 discedens
877 561 1088 601 devotum
1116 560 1285 601 femina
1311 559 1420 601 dixit
1445 585 1503 588 —-

429 639 465 679 A
491 637 629 692 pudet
654 663 712 665 —
740 641 782 679 et
808 639 958 678 narrat
986 636 1097 678 scire
1123 635 1318 677 nefanda
1343 650 1502 679 meam.

369 715 470 756 Non
497 715 602 756 facit
628 715 711 756 hoc
737 713 895 762 verbis,
925 714 1036 776 {jacie
1063 713 1319 767 tenerisque
1345 713 1522 755 lacertis

429 792 628 833 Devovet
655 794 698 833 et
723 791 851 833 flavis
878 794 1033 832 nostra
1059 791 1211 844 puella
1236 793 1387 833 comis

370 868 489 909 Talis
517 868 574 909 ad
598 866 887 909 Haemonium
913 867 1067 909 Nereis
1093 867 1226 908 Pelea
1252 867 1475 921 quondam

427 945 564 987 Vecta
591 947 657 987 est
683 947 855 986 frenato
884 945 1044 986 caerula
1069 945 1190 998 pisce
1218 944 1381 986 Thetis.

367 1021 474 1063 Haec
500 1034 692 1063 nocuere
718 1022 844 1071 mihi,
873 1020 991 1074 quod
1018 1020 1143 1062 adest
1168 1021 1272 1062 huic
1299 1021 1422 1063 dives
1449 1025 1630 1072 amator,

428 1099 562 1140 Venit
587 1100 635 1139 in
663 1099 844 1140 exitium
874 1098 1034 1139 callida
1060 1099 1163 1139 lena
1188 1111 1352 1140 meum.

368 1175 647 1230 Sanguineas
675 1176 775 1216 edat
800 1176 879 1216 illa
905 1175 1041 1229 dapes
1069 1177 1199 1229 atque
1227 1188 1301 1216 ore
1328 1179 1512 1216 cruento

428 1253 589 1295 Tristia
616 1266 716 1295 cum
742 1252 886 1293 multo
912 1252 1073 1305 pocula
1100 1252 1203 1293 felle
1229 1252 1375 1293 bibat:

366 1330 495 1371 Hanc
520 1330 710 1371 volitent
735 1329 894 1370 animae
921 1329 1088 1369 circum
1115 1342 1195 1370 sua
1221 1330 1311 1370 fata
1337 1332 1572 1383 querentes

428 1406 612 1460 Semper
638 1409 682 1447 et
709 1419 730 1447 e
758 1406 1022 1465 tectis-strix
1047 1406 1245 1447 violenta
1271 1410 1425 1448 canat:

366 1483 469 1537 Ipsa
494 1484 611 1524 fame
638 1483 899 1524 stimulante
925 1482 1078 1524 furens
1106 1483 1352 1536 herbasque
1380 1484 1595 1537 sepulcris

428 1562 604 1612 Quaerat
629 1562 673 1601 et
699 1573 724 1601 a
751 1561 878 1602 saevis
906 1573 1008 1601 ossa
1034 1560 1188 1601 relicta
1213 1541 1355 1614 lupis,¹

366 1636 525 1679 Currat
550 1640 594 1679 et
619 1637 879 1691 inguinibus
905 1636 1038 1678 nudis
1066 1638 1297 1692 ululetque
1322 1651 1403 1691 per
1427 1638 1570 1688 urbes,

427 1715 534 1756 Post
559 1717 660 1768 agat
687 1729 709 1755 e
736 1714 880 1756 triviis
907 1727 1064 1768 aspera
1088 1714 1219 1756 turba
1244 1727 1418 1757 canum.

365 1791 577 1833 Eveniet:
607 1791 682 1832 dat
709 1791 837 1845 signa
864 1791 998 1832 deus:
1028 1794 1132 1832 sunt
1158 1792 1347 1833 numina
1373 1792 1554 1842 amanti,

426 1867 558 1909 Saevit
585 1871 629 1909 et
653 1868 824 1909 iniusta
849 1867 945 1921 lege
973 1868 1127 1909 relicta
1151 1868 1316 1910 Venus.

363 1945 418 1986 At
445 1947 493 1986 tu
521 1958 653 1998 quam
678 1944 874 1998 primum
901 1957 1016 1997 sagae
1042 1947 1262 1998 praecepta
1286 1945 1458 1998 rapacis

424 2022 611 2063 Desere:
640 2035 746 2063 nam
771 2023 902 2064 donis
928 2023 1124 2064 vincitur
1148 2023 1295 2065 omnis
1322 2037 1457 2064 amor.

365 2098 538 2152 Pauper
564 2099 646 2140 erit
670 2101 831 2152 praesto
860 2113 1035 2153 semper
1059 2100 1152 2149 tibi,
1181 2114 1351 2154 pauper
1377 2100 1514 2141 adibit

426 2175 600 2216 Primus
627 2178 669 2217 et
695 2176 744 2216 in
769 2178 923 2217 tenero
949 2175 1061 2217 fixus
1089 2177 1172 2217 erit
1198 2177 1336 2218 latere
1351 2193 1360 2227 3

364 2251 537 2304 Pauper
562 2252 610 2292 in
636 2254 826 2305 angusto
852 2252 967 2294 fidus
995 2267 1143 2295 comes
1171 2254 1348 2307 agmine
1375 2254 1513 2294 turbae

427 2327 709 2381 Subicietque
736 2342 897 2371 manus
925 2329 1172 2383 efficietque
1198 2332 1316 2372 viam
1331 2343 1342 2379 ;

364 2404 538 2458 Pauper
563 2405 616 2446 ad
644 2406 838 2447 occultos
867 2406 1019 2447 furtim
1045 2407 1232 2448 deducet
1258 2408 1423 2448 amicos

424 2481 668 2534 Vinclaque
694 2481 748 2522 de
774 2482 905 2523 niveo
934 2481 1135 2524 detrahet
1161 2484 1256 2537 ipse
1282 2483 1406 2537 pede.

363 2556 464 2597 Heu
491 2557 692 2598 canimus
719 2558 881 2598 frustra
906 2572 989 2599 nec
1015 2560 1160 2601 verbis
1186 2561 1303 2601 victa
1326 2560 1513 2614 patescit

422 2633 574 2683 Ianua,
604 2633 681 2674 sed
706 2634 840 2686 plena
866 2637 932 2676 est
957 2637 1246 2688 percutienda
1270 2651 1418 2679 manu.

366 2709 423 2752 At
447 2712 508 2759 tu,
538 2710 614 2763 qui
637 2710 786 2763 potior
810 2724 930 2751 nunc
959 2725 1016 2760 es,
1047 2726 1146 2754 mea
1172 2715 1262 2755 sata
1287 2715 1467 2755 timeto:
