1942 3132
274 209 344 244 228
390 207 393 208 ⁷
840 221 896 249 AD
916 220 973 249 1v.
997 219 1030 257 4,
1058 217 1196 248 1—10.

276 342 398 382 metu
425 341 649 381 amantem
675 338 854 380 anxium
879 338 1069 390 (8—14).
1095 334 1267 376 Deinde
1294 335 1347 375 ad
1371 333 1632 376 Cerinthum
1657 347 1760 375 con-

276 430 428 459 versus
456 430 557 458 eum
580 416 695 457 bono
725 415 874 457 animo
908 428 1003 456 esee
1029 414 1175 455 iubet:
1216 413 1384 454 salvam
1423 413 1515 453 fore
1551 412 1759 465 puellam,

276 492 413 534 modo
435 494 584 533 mente
609 491 729 532 fideli
760 504 857 532 eam
884 493 1002 532 amet
1026 490 1245 541 (15418).
1285 488 1338 528 In
1363 487 1451 528 fine
1489 488 1670 528 tertium
1696 488 1762 529 in-

276 572 404 612 vocat
428 569 669 611 Phoebum:
710 569 852 610 faveat
879 567 1131 609 amantibus
1167 567 1405 620 puellaque
1445 568 1600 608 sanata
1635 566 1762 607 laetus

279 645 465 699 accipiat
491 645 544 686 ab
570 645 625 686 iis
652 644 768 686 dona
795 658 846 685 ex
869 646 972 685 voto
999 643 1146 684 debita
1173 643 1393 694 (19—-26).

337 721 388 763 V.
421 722 546 763 1—-4.
573 718 673 763 Huc
697 719 820 770 ades,
847 721 900 760 cf.
934 719 1034 760 adn.
1076 732 1207 772 supra
1234 717 1288 759 ad
1313 717 1347 758 I.
1377 718 1414 766 7,
1454 718 1525 759 49.
1552 742 1610 745 —-
1634 729 1761 759 mor-

283 797 358 840 bos
383 796 567 854 expelle,
594 799 643 838 ut
668 796 775 837 Hor.
801 796 881 849 Ep.
907 794 964 836 ΙΙ.
992 797 1030 844 9.,
1064 796 1171 836 137;
1206 793 1407 848 «Expulit
1431 793 1622 834 elleboro
1648 805 1764 833 mor-

280 875 385 916 bum
410 874 629 927 bilemque
655 885 874 914 meraco».
901 896 958 899 —«
983 871 1168 913 intonsa
1195 868 1371 912 Phoebe
1394 869 1586 924 superbe
1622 881 1764 922 coma,

280 955 329 993 ut
355 964 489 1005 supra
513 950 585 992 IV.
613 952 652 1002 2,
681 951 761 992 922:
796 949 873 990 «Et
890 948 1144 990 testudinea
1160 947 1321 987 Phoebe
1339 946 1523 999 superbe
1550 947 1690 1000 lyra».
1709 971 1766 974 —

280 1028 477 1077 intonsa,
506 1029 560 1068 cf.
588 1026 688 1068 adn.
728 1039 860 1079 supra
887 1025 941 1066 ad
966 1025 999 1065 Ι.
1027 1025 1067 1073 4,
1098 1024 1296 1065 37—38:
1344 1023 1484 1065 «Solis
1511 1025 1674 1064 aeterna
1701 1025 1766 1064 est

280 1106 444 1148 Phoebo
486 1105 744 1158 Bacchoque
789 1104 1007 1152 iuventas,
1054 1102 1165 1142 Nam
1209 1101 1333 1142 decet
1379 1101 1586 1141 intonsus
1633 1101 1766 1141 crinis

281 1186 518 1236 utrumque
545 1181 717 1222 deum».
744 1205 802 1208 —
827 1177 1027 1221 medicas
1056 1176 1332 1232 applicuisse
1359 1189 1538 1225 manus,
1569 1178 1621 1217 cf.
1639 1177 1767 1230 Vei-g.

284 1258 361 1301 Ge.
388 1257 466 1299 ΠΙ.
492 1257 752 1299 455—456:
786 1255 926 1295 «Dum
951 1254 1145 1295 medicas
1172 1253 1380 1295 adhibere
1406 1267 1566 1294 manus
1593 1253 1648 1294 ad
1672 1253 1768 1294 vul-

282 1348 389 1376 nera
415 1336 566 1388 pastor
586 1334 831 1386 «Abnegat».

341 1411 392 1453 V.
419 1412 578 1453 5-10.
604 1411 771 1453 macies
793 1443 801 1451 .
828 1443 836 1451 .
863 1443 871 1450 .
902 1410 1081 1463 occupet
1119 1411 1261 1457 artus,
1302 1410 1351 1448 ut
1383 1408 1491 1449 Hor.
1520 1407 1661 1449 Carm.
1688 1407 1767 1448 III.

284 1489 354 1538 27,
393 1488 592 1529 53—54:
638 1487 909 1540 «Antequam
947 1485 1088 1538 turpis
1126 1484 1291 1525 macies
1329 1484 1537 1524 decentes
1577 1482 1769 1536 Occupet

284 1564 468 1605 malae».
495 1588 553 1591 —
578 1561 789 1619 informis
811 1594 819 1602 .
847 1594 854 1602 .
881 1594 888 1602 .
919 1560 1051 1610 color,
1093 1560 1236 1613 qualis
1263 1560 1414 1613 aegroti
1453 1560 1648 1612 corporis
1675 1572 1769 1600 esse

286 1641 410 1682 solet,
436 1665 495 1668 —
522 1638 744 1694 lanyuida
770 1636 992 1689 membra,
1009 1640 1058 1677 ut
1075 1637 1191 1677 infra
1208 1649 1270 1677 vs.
1293 1637 1370 1677 13:
1405 1636 1545 1689 «quod
1562 1636 1773 1688 langueat

284 1718 407 1767 illa»;
433 1718 487 1758 cf.
505 1716 642 1770 Lygd.
658 1717 696 1765 5,
718 1716 793 1769 283
824 1715 1082 1767 «Languent
1099 1715 1166 1754 ter
1188 1713 1347 1766 quinos
1366 1713 1441 1754 sed
1459 1726 1557 1754 mea
1574 1713 1772 1754 membra

286 1795 402 1836 dies»
436 1797 478 1835 et
505 1792 581 1834 Ov.
608 1793 672 1834 Ex
696 1792 825 1833 Pont.
853 1791 931 1832 III.
961 1792 998 1840 3,
1028 1791 1079 1832 8:
1126 1790 1355 1844 «Fusaque
1395 1793 1521 1831 erant
1557 1791 1650 1831 toto
1676 1790 1771 1830 lan-

286 1871 418 1926 guida
443 1870 641 1912 membra
666 1871 808 1910 toro».
835 1866 1089 1924 Lanyuida
1116 1870 1182 1908 est
1223 1867 1475 1908 coniectura
1499 1866 1666 1920 Rigleri
1680 1881 1691 1916 ;
1719 1868 1772 1908 cf.

285 1950 402 1990 infra
427 1948 529 1990 adn.
556 1948 652 1989 crit.
680 1947 735 1988 ad
760 1947 803 1988 h.
830 1946 859 1987 l.
886 1970 945 1996 ,-
969 1943 1025 1987 In
1050 1944 1246 2001 pelayus
1285 1943 1462 2000 rapidis
1486 1943 1642 1987 evehat
1666 1957 1770 1986 am-

288 2026 360 2069 nis
387 2025 532 2081 aquis,
560 2024 863 2066 lustrabantur
905 2023 995 2063 sive
1021 2022 1325 2075 purgabantur
1358 2021 1510 2074 aegroti
1537 2021 1703 2062 sulfure
1731 2022 1774 2062 et

289 2103 384 2145 ovis
399 2117 409 2152 ;
460 2103 513 2143 cf.
565 2101 665 2143 adn.
712 2113 845 2153 supra
884 2099 938 2140 ad
976 2099 1010 2140 I.
1050 2100 1090 2149 5,
1135 2100 1182 2140 11
1203 2114 1212 2139 :
1258 2100 1324 2139 «te
1374 2098 1539 2139 circum
1589 2097 1774 2139 lustravi

290 2180 456 2221 sulfure
491 2190 647 2231 puro».
684 2175 857 2217 Deinde
893 2178 1187 2229 purgamenta
1217 2175 1261 2225 (i.
1290 2188 1326 2216 e.
1367 2187 1451 2224 res,
1489 2174 1647 2228 quibus
1672 2187 1773 2227 pur-

290 2257 408 2309 gatio
433 2253 581 2306 fiebat)
606 2253 654 2294 in
679 2252 847 2294 fiumen
871 2252 1202 2306 proiciebantur
1215 2266 1226 2301 3
1265 2252 1319 2293 cf.
1347 2251 1400 2292 de
1442 2251 1646 2293 domibus
1670 2264 1775 2305 pur·

290 2331 447 2386 gandis
484 2330 665 2371 Theocr.
705 2330 774 2378 24,
814 2329 1013 2370 86—88:
1056 2325 1195 2379 Ἀλλὰ,
1231 2330 1359 2381 γύναι,
1397 2333 1474 2382 πῦρ
1513 2331 1585 2384 μέν
1610 2341 1670 2369 τοι
1701 2323 1774 2369 ὑπὸ

292 2407 427 2462 σποδῷ
453 2403 617 2448 εὔτυκον
644 2404 761 2453 ἔστω,
795 2404 998 2458 Κάγκανα
1025 2403 1061 2445 δ’
1095 2402 1346 2446 ἀσπαλάθου
1373 2402 1456 2452 ξύλ’
1486 2402 1718 2460 ἑτοιμάσατ’
1746 2402 1773 2460 ἢ

290 2481 572 2539 παλιούρου’Ὴ
589 2483 710 2537 βάτου
726 2481 752 2538 ἢ
772 2479 908 2538 ἀνέμῳ
926 2482 1198 2539 δεδονημὲνον
1210 2479 1307 2524 αὖον
1320 2481 1499 2538 ἅχερδον
1518 2484 1562 2523 et
1578 2482 1774 2523 91——922

283 2559 386 2614 Ἦρι
411 2558 457 2600 δὲ
483 2557 715 2605 συλλέξασα
741 2561 849 2599 κόνιν
876 2560 1000 2612 πυρὸς
1034 2556 1274 2615 ἀμφιπόλων
1300 2572 1359 2605 τις
1387 2555 1565 2613 Ῥιψάτω
1591 2553 1636 2598 εὖ
1662 2550 1777 2612 μάλα

292 2642 426 2677 πᾶσαν
453 2630 550 2688 ὑπὲρ
581 2638 779 2690 ποταμοῖο
816 2636 1028 2690 φέρουσα;
1068 2632 1145 2675 Ov.
1178 2633 1299 2675 Fast.
1326 2633 1399 2674 VI.
1438 2632 1685 2674 227-228.
1724 2631 1776 2672 de

294 2710 386 2752 aede
411 2709 555 2751 Vestae
576 2712 788 2762 purgata:
835 2709 1009 2750 «Donec
1036 2709 1089 2750 ab
1115 2709 1252 2750 Iliaca
1277 2706 1477 2762 placidus
1514 2706 1779 2760 purgamina
