1942 3132
299 209 367 243 ⁶288
852 225 906 253 AD
928 224 975 254 11.
1001 223 1031 262 5,
1060 223 1224 253 75-82.

297 340 423 381 Bruti
463 342 506 381 et
544 338 674 382 Casii.
716 340 777 382 Cf.
806 341 931 394 Verg.
968 341 1044 383 Ge.
1085 341 1118 382 1.
1158 342 1422 392 489—490„
1461 341 1537 383 ubi
1573 342 1786 396 prodigiis

299 419 399 469 post
437 418 625 458 mortem
664 416 848 459 Caesaris
874 418 980 458 visis
1023 417 1291 458 enumeratis
1332 415 1398 458 ita
1436 417 1577 459 dicere
1617 419 1785 472 pergit:

306 493 443 546 «Ergo
470 493 586 534 inter
625 506 719 534 sese
757 494 936 547 paribus
975 506 1234 534 concurrere
1273 493 1373 534 telis
1411 493 1637 535 Romanas
1672 495 1787 537 acies

300 571 460 611 iterum
486 570 633 611 videre
670 570 909 624 Philippi»;
936 571 1042 612 Hor.
1073 570 1213 612 Carm.
1243 570 1298 611 ΙΙ.
1329 571 1368 620 7,
1396 572 1567 612 9—10:
1602 571 1787 613 «Tecum
1850 555 1854 559 ὁ

299 647 528 700 Philippos
555 649 598 688 et
624 647 809 688 celerem
835 649 985 700 fugam
1012 646 1181 688 Sensi».

359 723 407 765 V.
439 722 812 779 75—78.,Ipsum
851 727 989 766 etiam
1016 722 1167 766 Solem
1209 722 1431 779 defectum
1470 723 1640 766 lumine
1676 722 1788 766 vidit

300 798 490 856 Iunyere
526 800 751 854 pallentes
791 800 977 843 nubilus
1020 812 1169 842 aimus
1211 810 1361 854 equos,
1401 800 1453 840 cf.
1482 799 1608 853 Verg.
1643 799 1721 841 Ge.
1753 799 1786 841 Ι.

301 878 547 919 466—468.
576 877 628 918 de
656 876 781 919 Sole:
815 877 919 917 «Ille
947 877 1079 918 etiam
1106 876 1320 917 exstincto
1358 877 1594 917 miseratus
1620 875 1788 929 Caesare

301 954 501 1003 Romam,
530 952 640 995 Cum
667 956 797 1007 caput
824 952 1008 994 obscura
1033 952 1225 993 nitidum
1248 953 1470 1005 ferrugine
1496 953 1603 993 texit
1627 952 1788 1006 Impia-

303 1043 386 1084 que
424 1033 632 1071 aeternam
670 1030 916 1071 timuerunt
956 1029 1114 1070 saecula
1150 1032 1349 1070 noctem»
1382 1032 1425 1069 et
1457 1028 1531 1070 Ov.
1566 1028 1670 1070 Met.
1697 1028 1787 1070 XV.

304 1108 562 1149 785-786ε
610 1107 739 1148 «solis
786 1119 958 1159 quoque
1004 1105 1144 1147 tristis
1190 1105 1336 1158 imago
1378 1104 1543 1145 Lurida
1588 1104 1789 1146 sollicitis

302 1184 522 1238 praebebat
547 1183 717 1225 lumina
753 1182 923 1224 terris».
952 1182 1059 1223 Post
1096 1184 1285 1222 mortem
1312 1180 1494 1222 Caesaris
1532 1194 1611 1234 per
1646 1184 1791 1222 totum

303 1262 392 1302 fere
420 1273 588 1301 annum
615 1259 895 1301 obscuratum
922 1258 1059 1299 fuisse
1096 1258 1250 1298 lumen
1289 1257 1396 1298 solis
1434 1260 1654 1298 testantur
1689 1256 1790 1297 Plu-

301 1337 439 1378 tarch.
467 1336 572 1378 Caes.
602 1337 683 1378 69:
716 1334 808 1377 ὅλον
850 1337 925 1390 γὰρ
968 1333 1122 1376 ἐκεῖνον
1161 1336 1227 1375 τὸν
1270 1331 1449 1374 ἐνιαυτὸν
1490 1330 1626 1388 ὠχρὸς
1668 1335 1740 1388 μὲν
1768 1330 1790 1373 ὁ

301 1415 451 1461 κύκλος
478 1415 550 1455 καὶ
576 1414 846 1470 μαρμαρυγὰς
875 1409 948 1453 οὐκ
974 1411 1079 1468 ἔχων
1113 1409 1324 1452 ἀνέτελλεν
1352 1413 1394 1450 ct
1431 1409 1542 1450 Plin.
1572 1409 1621 1450 N.
1648 1409 1703 1450 H.
1732 1410 1787 1450 H.

304 1492 384 1532 98:
419 1490 576 1531 «Fiunt
615 1489 856 1543 prodigiosi
897 1492 939 1529 et
979 1488 1205 1541 longiores
1248 1486 1354 1527 solis
1397 1485 1604 1535 defectus,
1648 1486 1790 1539 qualis

305 1567 446 1608 occiso
490 1567 701 1608 dictatore
743 1565 911 1607 Caesare
954 1568 997 1606 et
1036 1563 1290 1605 Antoniano
1330 1562 1447 1603 bello
1488 1562 1625 1603 totius
1665 1574 1790 1615 paene

305 1644 409 1685 anni
447 1643 615 1697 pallore
654 1642 908 1683 continuo».
936 1665 994 1668 ——
1020 1639 1078 1681 Et
1116 1638 1366 1681 simulacra
1403 1637 1537 1680 deum
1576 1637 1791 1680 lacrimas

304 1718 481 1775 fudisse
507 1721 714 1773 tepentes,
740 1718 792 1758 cf.
819 1717 947 1770 Verg.
976 1715 1052 1758 Ge.
1080 1716 1112 1756 Ι.
1141 1716 1252 1757 480:
1286 1714 1364 1755 «Et
1388 1717 1593 1755 maestum
1617 1713 1792 1754 inlacri-

305 1801 395 1838 mat
432 1796 610 1849 templis
649 1795 756 1836 ebur
794 1807 966 1847 aeraque
1005 1791 1189 1834 sudant»
1223 1795 1265 1832 et
1304 1790 1379 1832 Ov.
1407 1789 1511 1831 Met.
1550 1789 1639 1832 XV.
1681 1790 1790 1831 7902:

311 1874 457 1915 «Mille
484 1873 594 1914 locis
620 1871 866 1913 lacrimavit
894 1870 1042 1911 ebur».
1069 1893 1126 1897 —
1153 1867 1359 1923 Fataque
1384 1866 1558 1909 vocales
1589 1878 1791 1921 praemo-

304 1950 454 1992 nuisse
485 1949 624 1997 boves,
652 1950 704 1989 cf.
733 1948 860 2001 Verg.
891 1946 966 1989 Ge.
994 1946 1027 1987 Ι.
1055 1946 1167 1987 478:
1193 1944 1490 1998 «pecudesque
1516 1944 1716 1984 locutae».
1735 1967 1793 1971 —

304 2027 497 2081 vocales,
538 2027 733 2067 humana
774 2037 879 2065 voce
925 2023 1075 2071 locuti,
1117 2025 1166 2063 ut
1206 2022 1332 2074 Prop.
1375 2021 1431 2062 ΙΙ.
1477 2021 1543 2068 34,
1594 2020 1790 2061 37—38:

311 2103 489 2155 «Qualis
516 2107 558 2143 et
582 2102 757 2143 Adrasti
785 2101 918 2142 fuerit
943 2099 1108 2141 vocalis
1124 2099 1261 2139 Arion
1287 2098 1441 2138 Tristis
1468 2096 1522 2137 ad
1536 2095 1793 2137 Archemori

263 2203 265 2205 -
306 2183 462 2222 funera
493 2181 632 2221 victor
676 2192 855 2232 equus»,
899 2177 975 2218 ubi
1018 2176 1162 2229 agitur
1202 2174 1254 2215 de
1298 2187 1408 2227 equo
1455 2174 1650 2213 humana
1688 2184 1792 2213 voce

304 2258 526 2311 loquente,
555 2259 604 2296 ut
630 2254 735 2296 Stat.
765 2254 896 2295 Theb.
925 2253 999 2294 XI.
1028 2254 1127 2294 442.
1156 2251 1377 2292 docemur.
1407 2248 1559 2290 Simile
1586 2251 1652 2290 est
1678 2246 1793 2301 apud

305 2334 399 2374 Liv.
427 2332 599 2373 XXXV.
630 2333 696 2380 21,
725 2332 778 2372 4:
813 2334 879 2371 «et
905 2330 1020 2383 quod
1046 2329 1235 2369 maxime
1262 2326 1464 2375 terrebat,
1493 2324 1688 2366 consulis
1714 2323 1790 2365 Cn.

305 2409 491 2451 Domitii
517 2409 674 2451 bovem
699 2409 922 2449 locutum:
950 2407 1103 2456 Roma,
1133 2419 1234 2447 cave
1260 2404 1382 2445 tibi».

364 2487 412 2528 V.
443 2487 631 2528 79-*82
659 2483 769 2527 Haec
805 2484 990 2540 fuerant
1017 2483 1141 2536 olim,
1169 2495 1225 2523 sc.
1254 2482 1346 2522 haec
1371 2479 1572 2533 prodigia
1597 2482 1640 2519 et
1663 2478 1790 2519 bella.

307 2563 370 2606 Of.
396 2562 549 2604 Manil.
577 2562 611 2603 Ι.
641 2563 739 2603 922.
768 2559 820 2601 (10
848 2561 1000 2601 eadem
1027 2573 1098 2600 re:
1132 2557 1241 2600 «Sed
1269 2557 1374 2599 satis
1400 2557 1483 2597 hoc
1509 2555 1609 2596 fatis
1647 2553 1790 2601 fuerit,

306 2641 396 2682 iam
433 2639 550 2680 bella
588 2638 858 2692 quiescant».
886 2661 944 2664 —
969 2635 1107 2690 mitis,
1145 2635 1408 2676 adiectivum
1444 2645 1524 2686 pro
1562 2629 1792 2678 adverbi03
1868 2637 1870 2639 ’

306 2719 358 2758 cf.
386 2716 495 2757 Hor.
538 2714 681 2756 Carm.
725 2726 820 2756 saec.
864 2714 1061 2755 33—34:
1096 2711 1307 2765 «Condito
1347 2709 1468 2751 mitis
1508 2706 1792 2761 placidusque
