<?xml version="1.0" encoding="UTF-8"?>
<!DOCTYPE html PUBLIC "-//W3C//DTD XHTML 1.0 Transitional//EN"
    "http://www.w3.org/TR/xhtml1/DTD/xhtml1-transitional.dtd">
<html xmlns="http://www.w3.org/1999/xhtml" xml:lang="en" lang="en">
 <head>
  <title>
</title>
<meta http-equiv="Content-Type" content="text/html;charset=utf-8" />
  <meta name='ocr-system' content='tesseract 3.04.00' />
  <meta name='ocr-capabilities' content='ocr_page ocr_carea ocr_par ocr_line ocrx_word'/>
</head>
<body>
  <div class='ocr_page' id='page_1' title='image "./carminaaccedunts00tibuuoft_0337.png"; bbox 0 0 1942 3132; ppageno 0'>
   <div class='ocr_carea' id='block_1_1' title="bbox 0 1069 71 3132">
    <p class='ocr_par' dir='ltr' id='par_1_1' title="bbox 0 1069 71 3132">
     <span class='ocr_line' id='line_1_1' title="bbox 0 1069 71 3132; baseline 0 0"><span class='ocrx_word' id='word_1_1' title='bbox 0 1069 71 3132; x_wconf 95' lang='lat' dir='ltr'><strong> </strong></span> 
     </span>
    </p>
   </div>
   <div class='ocr_carea' id='block_1_2' title="bbox 763 202 1684 248">
    <p class='ocr_par' dir='ltr' id='par_1_2' title="bbox 763 202 1684 248">
     <span class='ocr_line' id='line_1_2' title="bbox 763 202 1684 248; baseline -0.012 0"><span class='ocrx_word' id='word_1_2' title='bbox 763 215 981 248; x_wconf 70' lang='lat' dir='ltr'><strong>manneus</strong></span> <span class='ocrx_word' id='word_1_3' title='bbox 999 216 1095 246; x_wconf 74' lang='lat' dir='ltr'><strong>vm.</strong></span> <span class='ocrx_word' id='word_1_4' title='bbox 1606 202 1684 238; x_wconf 79' lang='grc'><strong>333</strong></span> 
     </span>
    </p>
   </div>
   <div class='ocr_carea' id='block_1_3' title="bbox 342 332 1435 455">
    <p class='ocr_par' dir='ltr' id='par_1_3' title="bbox 342 332 1435 455">
     <span class='ocr_line' id='line_1_3' title="bbox 342 332 1435 385; baseline -0.002 -11"><span class='ocrx_word' id='word_1_5' title='bbox 342 333 428 374; x_wconf 82' lang='lat' dir='ltr'><strong>Neo</strong></span> <span class='ocrx_word' id='word_1_6' title='bbox 454 333 587 385; x_wconf 72' lang='lat' dir='ltr'><strong>possit</strong></span> <span class='ocrx_word' id='word_1_7' title='bbox 613 334 787 384; x_wconf 72' lang='lat' dir='ltr'><strong>cupidos</strong></span> <span class='ocrx_word' id='word_1_8' title='bbox 812 333 989 384; x_wconf 80' lang='lat' dir='ltr'><strong>vigilans</strong></span> <span class='ocrx_word' id='word_1_9' title='bbox 1017 332 1270 383; x_wconf 84' lang='lat' dir='ltr'><strong>deprendere</strong></span> <span class='ocrx_word' id='word_1_10' title='bbox 1299 335 1435 372; x_wconf 87' lang='lat' dir='ltr'><strong>custos</strong></span> 
     </span>
     <span class='ocr_line' id='line_1_4' title="bbox 397 402 1331 455; baseline -0.002 -11"><span class='ocrx_word' id='word_1_11' title='bbox 397 403 672 455; x_wconf 62' lang='lat' dir='ltr'><strong>Fallendp&#39;que</strong></span> <span class='ocrx_word' id='word_1_12' title='bbox 699 405 788 443; x_wconf 71' lang='lat' dir='ltr'><strong>vias</strong></span> <span class='ocrx_word' id='word_1_13' title='bbox 817 403 929 443; x_wconf 78' lang='lat' dir='ltr'><strong>mille</strong></span> <span class='ocrx_word' id='word_1_14' title='bbox 957 402 1165 446; x_wconf 69' lang='lat' dir='ltr'><strong>ministret</strong></span> <span class='ocrx_word' id='word_1_15' title='bbox 1192 403 1331 443; x_wconf 86' lang='lat' dir='ltr'><strong>Amor.</strong></span> 
     </span>
    </p>
   </div>
   <div class='ocr_carea' id='block_1_4' title="bbox 181 563 1685 991">
    <p class='ocr_par' dir='ltr' id='par_1_4' title="bbox 181 563 1685 773">
     <span class='ocr_line' id='line_1_5' title="bbox 181 563 1685 620; baseline -0.001 -12"><span class='ocrx_word' id='word_1_16' title='bbox 181 563 288 608; x_wconf 89' lang='lat' dir='ltr'><strong>Post</strong></span> <span class='ocrx_word' id='word_1_17' title='bbox 311 577 408 620; x_wconf 83' lang='lat' dir='ltr'><strong>quae</strong></span> <span class='ocrx_word' id='word_1_18' title='bbox 432 567 551 607; x_wconf 83' lang='lat' dir='ltr'><strong>certe</strong></span> <span class='ocrx_word' id='word_1_19' title='bbox 576 563 814 607; x_wconf 89' lang='lat' dir='ltr'><strong>ridiculum</strong></span> <span class='ocrx_word' id='word_1_20' title='bbox 846 567 976 613; x_wconf 87' lang='lat' dir='ltr'><strong>esset,</strong></span> <span class='ocrx_word' id='word_1_21' title='bbox 1016 564 1053 606; x_wconf 89' lang='lat' dir='ltr'><strong>si</strong></span> <span class='ocrx_word' id='word_1_22' title='bbox 1091 564 1394 619; x_wconf 67' lang='lat' dir='ltr'><strong>conclusionis</strong></span> <span class='ocrx_word' id='word_1_23' title='bbox 1431 564 1529 606; x_wconf 87' lang='lat' dir='ltr'><strong>loco</strong></span> <span class='ocrx_word' id='word_1_24' title='bbox 1567 565 1685 613; x_wconf 78' lang='lat' dir='ltr'><strong>talia</strong></span> 
     </span>
     <span class='ocr_line' id='line_1_6' title="bbox 182 639 1684 697; baseline 0 -13"><span class='ocrx_word' id='word_1_25' title='bbox 182 641 318 684; x_wconf 82' lang='lat' dir='ltr'><strong>verba</strong></span> <span class='ocrx_word' id='word_1_26' title='bbox 335 641 549 684; x_wconf 77' lang='lat' dir='ltr'><strong>tribueret</strong></span> <span class='ocrx_word' id='word_1_27' title='bbox 569 641 800 697; x_wconf 84' lang='lat' dir='ltr'><strong>Sulpiciae:</strong></span> <span class='ocrx_word' id='word_1_28' title='bbox 832 639 1034 684; x_wconf 78' lang='lat' dir='ltr'><strong>Tandem</strong></span> <span class='ocrx_word' id='word_1_29' title='bbox 1053 640 1175 684; x_wconf 83' lang='lat' dir='ltr'><strong>venit</strong></span> <span class='ocrx_word' id='word_1_30' title='bbox 1191 653 1335 685; x_wconf 86' lang='lat' dir='ltr'><strong>amor.</strong></span> <span class='ocrx_word' id='word_1_31' title='bbox 1353 640 1392 684; x_wconf 92' lang='lat' dir='ltr'>N</span> <span class='ocrx_word' id='word_1_32' title='bbox 1394 654 1466 683; x_wconf 82' lang='lat' dir='ltr'><strong>am</strong></span> <span class='ocrx_word' id='word_1_33' title='bbox 1483 640 1684 695; x_wconf 83' lang='lat' dir='ltr'><strong>Sulpicia</strong></span> 
     </span>
     <span class='ocr_line' id='line_1_7' title="bbox 181 716 1274 773; baseline 0 -13"><span class='ocrx_word' id='word_1_34' title='bbox 181 716 347 760; x_wconf 79' lang='lat' dir='ltr'><strong>Tibulli</strong></span> <span class='ocrx_word' id='word_1_35' title='bbox 371 718 491 760; x_wconf 89' lang='lat' dir='ltr'><strong>hunc</strong></span> <span class='ocrx_word' id='word_1_36' title='bbox 517 732 714 761; x_wconf 83' lang='lat' dir='ltr'><strong>amorem</strong></span> <span class='ocrx_word' id='word_1_37' title='bbox 739 719 830 761; x_wconf 85' lang='lat' dir='ltr'><strong>iam</strong></span> <span class='ocrx_word' id='word_1_38' title='bbox 855 718 1028 773; x_wconf 88' lang='lat' dir='ltr'><strong>pridem</strong></span> <span class='ocrx_word' id='word_1_39' title='bbox 1052 718 1274 773; x_wconf 85' lang='lat' dir='ltr'><strong>cognovit.</strong></span> 
     </span>
    </p>

    <p class='ocr_par' dir='ltr' id='par_1_5' title="bbox 181 793 1685 991">
     <span class='ocr_line' id='line_1_8' title="bbox 242 793 1685 850; baseline 0 -14"><span class='ocrx_word' id='word_1_40' title='bbox 242 793 450 837; x_wconf 86' lang='lat' dir='ltr'><strong>Ceterum</strong></span> <span class='ocrx_word' id='word_1_41' title='bbox 473 794 674 838; x_wconf 83' lang='lat' dir='ltr'>Tibullus</span> <span class='ocrx_word' id='word_1_42' title='bbox 699 796 871 850; x_wconf 82' lang='lat' dir='ltr'>cyclum</span> <span class='ocrx_word' id='word_1_43' title='bbox 898 794 1189 850; x_wconf 87' lang='lat' dir='ltr'><strong>elegidiorum</strong></span> <span class='ocrx_word' id='word_1_44' title='bbox 1215 794 1302 846; x_wconf 88' lang='lat' dir='ltr'><strong>(IV.</strong></span> <span class='ocrx_word' id='word_1_45' title='bbox 1331 795 1479 847; x_wconf 68' lang='lat'>2—6.)</span> <span class='ocrx_word' id='word_1_46' title='bbox 1511 795 1685 848; x_wconf 82' lang='lat' dir='ltr'><strong>optime</strong></span> 
     </span>
     <span class='ocr_line' id='line_1_9' title="bbox 181 869 1680 924; baseline -0.001 -11"><span class='ocrx_word' id='word_1_47' title='bbox 181 869 327 914; x_wconf 85' lang='lat' dir='ltr'><strong>finivit</strong></span> <span class='ocrx_word' id='word_1_48' title='bbox 350 871 423 914; x_wconf 90' lang='lat' dir='ltr'><strong>IV.</strong></span> <span class='ocrx_word' id='word_1_49' title='bbox 451 874 490 922; x_wconf 86' lang='lat'><strong>6,</strong></span> <span class='ocrx_word' id='word_1_50' title='bbox 522 874 708 916; x_wconf 73' lang='lat'><strong>19—-20,</strong></span> <span class='ocrx_word' id='word_1_51' title='bbox 739 873 974 924; x_wconf 90' lang='lat' dir='ltr'><strong>Iunonem,</strong></span> <span class='ocrx_word' id='word_1_52' title='bbox 1013 872 1243 915; x_wconf 78' lang='lat' dir='ltr'><strong>custodem</strong></span> <span class='ocrx_word' id='word_1_53' title='bbox 1279 870 1568 921; x_wconf 82' lang='lat' dir='ltr'><strong>matrimonii,</strong></span> <span class='ocrx_word' id='word_1_54' title='bbox 1606 871 1680 912; x_wconf 82' lang='lat' dir='ltr'><strong>in-</strong></span> 
     </span>
     <span class='ocr_line' id='line_1_10' title="bbox 182 947 408 991; baseline 0.004 -2"><span class='ocrx_word' id='word_1_55' title='bbox 182 947 408 991; x_wconf 85' lang='lat' dir='ltr'><strong>vocando:</strong></span> 
     </span>
    </p>
   </div>
   <div class='ocr_carea' id='block_1_5' title="bbox 346 1041 1512 1156">
    <p class='ocr_par' dir='ltr' id='par_1_6' title="bbox 346 1041 1512 1156">
     <span class='ocr_line' id='line_1_11' title="bbox 346 1041 1512 1101; baseline -0.001 -19"><span class='ocrx_word' id='word_1_56' title='bbox 346 1041 422 1089; x_wconf 81' lang='lat' dir='ltr'><strong>Sis,</strong></span> <span class='ocrx_word' id='word_1_57' title='bbox 450 1043 567 1090; x_wconf 88' lang='lat' dir='ltr'><strong>Iuno,</strong></span> <span class='ocrx_word' id='word_1_58' title='bbox 595 1046 723 1093; x_wconf 81' lang='lat' dir='ltr'><strong>grata,</strong></span> <span class='ocrx_word' id='word_1_59' title='bbox 751 1046 810 1091; x_wconf 84' lang='lat' dir='ltr'><strong>ut,</strong></span> <span class='ocrx_word' id='word_1_60' title='bbox 838 1044 976 1083; x_wconf 82' lang='lat' dir='ltr'><strong>veniet</strong></span> <span class='ocrx_word' id='word_1_61' title='bbox 1003 1056 1096 1083; x_wconf 91' lang='lat' dir='ltr'><strong>cum</strong></span> <span class='ocrx_word' id='word_1_62' title='bbox 1124 1044 1337 1095; x_wconf 83' lang='lat' dir='ltr'><strong>proximus</strong></span> <span class='ocrx_word' id='word_1_63' title='bbox 1365 1056 1512 1101; x_wconf 84' lang='lat' dir='ltr'><strong>annus,</strong></span> 
     </span>
     <span class='ocr_line' id='line_1_12' title="bbox 396 1114 1306 1156; baseline 0 -2"><span class='ocrx_word' id='word_1_64' title='bbox 396 1114 487 1155; x_wconf 88' lang='lat' dir='ltr'><strong>Hoc</strong></span> <span class='ocrx_word' id='word_1_65' title='bbox 513 1114 625 1156; x_wconf 90' lang='lat' dir='ltr'><strong>idem</strong></span> <span class='ocrx_word' id='word_1_66' title='bbox 651 1116 759 1156; x_wconf 85' lang='lat' dir='ltr'><strong>votis</strong></span> <span class='ocrx_word' id='word_1_67' title='bbox 786 1117 870 1155; x_wconf 87' lang='lat' dir='ltr'><strong>iam</strong></span> <span class='ocrx_word' id='word_1_68' title='bbox 896 1118 1013 1155; x_wconf 86' lang='lat' dir='ltr'><strong>vetus</strong></span> <span class='ocrx_word' id='word_1_69' title='bbox 1040 1115 1150 1155; x_wconf 87' lang='lat' dir='ltr'><strong>adsit</strong></span> <span class='ocrx_word' id='word_1_70' title='bbox 1177 1128 1306 1155; x_wconf 78' lang='lat' dir='ltr'><strong>amor.</strong></span> 
     </span>
    </p>
   </div>
   <div class='ocr_carea' id='block_1_6' title="bbox 182 1257 1685 1470">
    <p class='ocr_par' dir='ltr' id='par_1_7' title="bbox 182 1257 1685 1470">
     <span class='ocr_line' id='line_1_13' title="bbox 182 1257 1680 1315; baseline -0.001 -13"><span class='ocrx_word' id='word_1_71' title='bbox 182 1258 282 1302; x_wconf 89' lang='lat' dir='ltr'><strong>Hoc</strong></span> <span class='ocrx_word' id='word_1_72' title='bbox 305 1262 508 1315; x_wconf 80' lang='lat' dir='ltr'><strong>optatum</strong></span> <span class='ocrx_word' id='word_1_73' title='bbox 532 1262 649 1302; x_wconf 83' lang='lat' dir='ltr'><strong>certo</strong></span> <span class='ocrx_word' id='word_1_74' title='bbox 677 1260 910 1315; x_wconf 84' lang='lat' dir='ltr'><strong>aptissima</strong></span> <span class='ocrx_word' id='word_1_75' title='bbox 934 1260 1162 1303; x_wconf 86' lang='lat' dir='ltr'><strong>conclusio</strong></span> <span class='ocrx_word' id='word_1_76' title='bbox 1189 1264 1257 1302; x_wconf 85' lang='lat' dir='ltr'><strong>est</strong></span> <span class='ocrx_word' id='word_1_77' title='bbox 1293 1260 1542 1302; x_wconf 84' lang='lat' dir='ltr'><strong>carminum</strong></span> <span class='ocrx_word' id='word_1_78' title='bbox 1580 1257 1680 1301; x_wconf 87' lang='lat' dir='ltr'><strong>Sul-</strong></span> 
     </span>
     <span class='ocr_line' id='line_1_14' title="bbox 182 1335 1685 1393; baseline -0.001 -13"><span class='ocrx_word' id='word_1_79' title='bbox 182 1338 309 1392; x_wconf 82' lang='lat' dir='ltr'><strong>piciae</strong></span> <span class='ocrx_word' id='word_1_80' title='bbox 334 1338 448 1380; x_wconf 82' lang='lat' dir='ltr'><strong>festo</strong></span> <span class='ocrx_word' id='word_1_81' title='bbox 473 1337 794 1380; x_wconf 85' lang='lat' dir='ltr'><strong>Matronalium</strong></span> <span class='ocrx_word' id='word_1_82' title='bbox 819 1337 1125 1381; x_wconf 86' lang='lat' dir='ltr'><strong>dedicatorum</strong></span> <span class='ocrx_word' id='word_1_83' title='bbox 1151 1351 1295 1393; x_wconf 90' lang='lat' dir='ltr'><strong>neque</strong></span> <span class='ocrx_word' id='word_1_84' title='bbox 1327 1338 1470 1380; x_wconf 88' lang='lat' dir='ltr'><strong>ullum</strong></span> <span class='ocrx_word' id='word_1_85' title='bbox 1509 1335 1685 1379; x_wconf 86' lang='lat' dir='ltr'><strong>addita-</strong></span> 
     </span>
     <span class='ocr_line' id='line_1_15' title="bbox 182 1416 590 1470; baseline 0 -12"><span class='ocrx_word' id='word_1_86' title='bbox 182 1418 386 1458; x_wconf 81' lang='lat' dir='ltr'><strong>mentum</strong></span> <span class='ocrx_word' id='word_1_87' title='bbox 410 1416 590 1470; x_wconf 81' lang='lat' dir='ltr'><strong>patitur.</strong></span> 
     </span>
    </p>
   </div>
   <div class='ocr_carea' id='block_1_7' title="bbox 183 1490 1686 1624">
    <p class='ocr_par' dir='ltr' id='par_1_8' title="bbox 183 1490 1686 1624">
     <span class='ocr_line' id='line_1_16' title="bbox 241 1490 1686 1548; baseline -0.001 -13"><span class='ocrx_word' id='word_1_88' title='bbox 241 1492 367 1536; x_wconf 87' lang='lat' dir='ltr'><strong>Addo</strong></span> <span class='ocrx_word' id='word_1_89' title='bbox 392 1493 476 1535; x_wconf 93' lang='lat' dir='ltr'><strong>hoc</strong></span> <span class='ocrx_word' id='word_1_90' title='bbox 500 1490 655 1543; x_wconf 85' lang='lat' dir='ltr'><strong>unum,</strong></span> <span class='ocrx_word' id='word_1_91' title='bbox 683 1492 802 1548; x_wconf 92' lang='lat' dir='ltr'><strong>quod</strong></span> <span class='ocrx_word' id='word_1_92' title='bbox 825 1493 1026 1536; x_wconf 84' lang='lat' dir='ltr'><strong>Tibullus</strong></span> <span class='ocrx_word' id='word_1_93' title='bbox 1043 1493 1264 1536; x_wconf 87' lang='lat' dir='ltr'><strong>interdum</strong></span> <span class='ocrx_word' id='word_1_94' title='bbox 1284 1492 1518 1535; x_wconf 89' lang='lat' dir='ltr'><strong>nonnullis</strong></span> <span class='ocrx_word' id='word_1_95' title='bbox 1534 1491 1686 1534; x_wconf 85' lang='lat' dir='ltr'><strong>verbis</strong></span> 
     </span>
     <span class='ocr_line' id='line_1_17' title="bbox 183 1567 1566 1624; baseline -0.001 -13"><span class='ocrx_word' id='word_1_96' title='bbox 183 1567 343 1612; x_wconf 75' lang='lat' dir='ltr'><strong>alludit</strong></span> <span class='ocrx_word' id='word_1_97' title='bbox 366 1569 422 1612; x_wconf 82' lang='lat' dir='ltr'><strong>ad</strong></span> <span class='ocrx_word' id='word_1_98' title='bbox 447 1569 662 1624; x_wconf 81' lang='lat' dir='ltr'><strong>epistulas</strong></span> <span class='ocrx_word' id='word_1_99' title='bbox 689 1569 909 1624; x_wconf 84' lang='lat' dir='ltr'><strong>Sulpiciae.</strong></span> <span class='ocrx_word' id='word_1_100' title='bbox 937 1568 1049 1612; x_wconf 85' lang='lat' dir='ltr'><strong>Cum</strong></span> <span class='ocrx_word' id='word_1_101' title='bbox 1073 1570 1146 1612; x_wconf 86' lang='lat' dir='ltr'><strong>IV.</strong></span> <span class='ocrx_word' id='word_1_102' title='bbox 1176 1571 1215 1619; x_wconf 90' lang='lat'><strong>6,</strong></span> <span class='ocrx_word' id='word_1_103' title='bbox 1244 1570 1403 1612; x_wconf 81' lang='lat'>9—10.</span> <span class='ocrx_word' id='word_1_104' title='bbox 1433 1568 1566 1611; x_wconf 80' lang='lat' dir='ltr'><strong>dicit:</strong></span> 
     </span>
    </p>
   </div>
   <div class='ocr_carea' id='block_1_8' title="bbox 399 1682 1308 1804">
    <p class='ocr_par' dir='ltr' id='par_1_9' title="bbox 399 1682 1308 1804">
     <span class='ocr_line' id='line_1_18' title="bbox 774 1682 1254 1733; baseline -0.002 -11"><span class='ocrx_word' id='word_1_105' title='bbox 774 1683 866 1722; x_wconf 86' lang='lat' dir='ltr'><strong>ullae</strong></span> <span class='ocrx_word' id='word_1_106' title='bbox 897 1695 983 1722; x_wconf 92' lang='lat' dir='ltr'><strong>non</strong></span> <span class='ocrx_word' id='word_1_107' title='bbox 1010 1682 1080 1721; x_wconf 88' lang='lat' dir='ltr'><strong>ille</strong></span> <span class='ocrx_word' id='word_1_108' title='bbox 1108 1684 1254 1733; x_wconf 85' lang='lat' dir='ltr'><strong>puellae</strong></span> 
     </span>
     <span class='ocr_line' id='line_1_19' title="bbox 399 1751 1308 1804; baseline 0.001 -12"><span class='ocrx_word' id='word_1_109' title='bbox 399 1751 561 1792; x_wconf 86' lang='lat' dir='ltr'><strong>Servire</strong></span> <span class='ocrx_word' id='word_1_110' title='bbox 591 1755 660 1792; x_wconf 84' lang='lat' dir='ltr'><strong>aut</strong></span> <span class='ocrx_word' id='word_1_111' title='bbox 688 1754 880 1804; x_wconf 85' lang='lat' dir='ltr'><strong>cuiquam</strong></span> <span class='ocrx_word' id='word_1_112' title='bbox 909 1754 1081 1804; x_wconf 73' lang='lat' dir='ltr'><strong>diynior</strong></span> <span class='ocrx_word' id='word_1_113' title='bbox 1108 1754 1179 1792; x_wconf 88' lang='lat' dir='ltr'><strong>illa</strong></span> <span class='ocrx_word' id='word_1_114' title='bbox 1206 1754 1308 1799; x_wconf 84' lang='lat' dir='ltr'><strong>viro,</strong></span> 
     </span>
    </p>
   </div>
   <div class='ocr_carea' id='block_1_9' title="bbox 185 1877 1489 1934">
    <p class='ocr_par' dir='ltr' id='par_1_10' title="bbox 185 1877 1489 1934">
     <span class='ocr_line' id='line_1_20' title="bbox 185 1877 1489 1934; baseline -0.001 -14"><span class='ocrx_word' id='word_1_115' title='bbox 185 1877 390 1920; x_wconf 84' lang='lat' dir='ltr'><strong>consulto</strong></span> <span class='ocrx_word' id='word_1_116' title='bbox 416 1878 577 1933; x_wconf 83' lang='lat' dir='ltr'><strong>repetit</strong></span> <span class='ocrx_word' id='word_1_117' title='bbox 600 1878 735 1921; x_wconf 83' lang='lat' dir='ltr'><strong>verba</strong></span> <span class='ocrx_word' id='word_1_118' title='bbox 761 1878 968 1934; x_wconf 82' lang='lat' dir='ltr'><strong>Sulpiciae</strong></span> <span class='ocrx_word' id='word_1_119' title='bbox 993 1879 1066 1921; x_wconf 84' lang='lat' dir='ltr'><strong>IV.</strong></span> <span class='ocrx_word' id='word_1_120' title='bbox 1095 1880 1134 1928; x_wconf 89' lang='lat'><strong>7,</strong></span> <span class='ocrx_word' id='word_1_121' title='bbox 1163 1880 1322 1922; x_wconf 89' lang='lat'><strong>9—10.</strong></span> <span class='ocrx_word' id='word_1_122' title='bbox 1349 1879 1489 1921; x_wconf 86' lang='lat' dir='ltr'><strong>lecta:</strong></span> 
     </span>
    </p>
   </div>
   <div class='ocr_carea' id='block_1_10' title="bbox 346 1987 1382 2113">
    <p class='ocr_par' dir='ltr' id='par_1_11' title="bbox 346 1987 1382 2113">
     <span class='ocr_line' id='line_1_21' title="bbox 346 1987 1382 2041; baseline 0.002 -13"><span class='ocrx_word' id='word_1_123' title='bbox 346 1987 425 2028; x_wconf 84' lang='lat' dir='ltr'><strong>Sed</strong></span> <span class='ocrx_word' id='word_1_124' title='bbox 453 2001 640 2040; x_wconf 79' lang='lat' dir='ltr'><strong>peccasse</strong></span> <span class='ocrx_word' id='word_1_125' title='bbox 666 1991 793 2037; x_wconf 86' lang='lat' dir='ltr'><strong>iuvat,</strong></span> <span class='ocrx_word' id='word_1_126' title='bbox 822 1992 958 2030; x_wconf 82' lang='lat' dir='ltr'><strong>vultus</strong></span> <span class='ocrx_word' id='word_1_127' title='bbox 987 2003 1232 2041; x_wconf 90' lang='lat' dir='ltr'><strong>componere</strong></span> <span class='ocrx_word' id='word_1_128' title='bbox 1262 1991 1382 2030; x_wconf 82' lang='lat' dir='ltr'><strong>famae</strong></span> 
     </span>
     <span class='ocr_line' id='line_1_22' title="bbox 398 2060 1306 2113; baseline 0.002 -14"><span class='ocrx_word' id='word_1_129' title='bbox 398 2060 558 2100; x_wconf 81' lang='lat' dir='ltr'><strong>Taedet:</strong></span> <span class='ocrx_word' id='word_1_130' title='bbox 589 2074 685 2100; x_wconf 83' lang='lat' dir='ltr'><strong>cum</strong></span> <span class='ocrx_word' id='word_1_131' title='bbox 713 2062 843 2111; x_wconf 72' lang='lat' dir='ltr'><strong>diyno</strong></span> <span class='ocrx_word' id='word_1_132' title='bbox 871 2062 1005 2111; x_wconf 74' lang='lat' dir='ltr'><strong>diqvw</strong></span> <span class='ocrx_word' id='word_1_133' title='bbox 1032 2062 1159 2113; x_wconf 75' lang='lat' dir='ltr'><strong>fuisse</strong></span> <span class='ocrx_word' id='word_1_134' title='bbox 1186 2061 1306 2101; x_wconf 84' lang='lat' dir='ltr'><strong>ferar.</strong></span> 
     </span>
    </p>
   </div>
   <div class='ocr_carea' id='block_1_11' title="bbox 185 2185 1684 2499">
    <p class='ocr_par' dir='ltr' id='par_1_12' title="bbox 185 2185 1684 2499">
     <span class='ocr_line' id='line_1_23' title="bbox 185 2185 1684 2243; baseline 0 -14"><span class='ocrx_word' id='word_1_135' title='bbox 185 2185 312 2230; x_wconf 86' lang='lat' dir='ltr'><strong>Unde</strong></span> <span class='ocrx_word' id='word_1_136' title='bbox 336 2187 366 2230; x_wconf 85' lang='lat' dir='ltr'><strong>l.</strong></span> <span class='ocrx_word' id='word_1_137' title='bbox 393 2186 465 2230; x_wconf 89' lang='lat' dir='ltr'><strong>IV.</strong></span> <span class='ocrx_word' id='word_1_138' title='bbox 494 2187 603 2242; x_wconf 85' lang='lat' dir='ltr'><strong>eleg.</strong></span> <span class='ocrx_word' id='word_1_139' title='bbox 633 2189 671 2230; x_wconf 88' lang='lat'><strong>7.</strong></span> <span class='ocrx_word' id='word_1_140' title='bbox 706 2188 793 2243; x_wconf 88' lang='lat' dir='ltr'><strong>ipsi</strong></span> <span class='ocrx_word' id='word_1_141' title='bbox 833 2186 1038 2243; x_wconf 83' lang='lat' dir='ltr'><strong>Sulpiciae</strong></span> <span class='ocrx_word' id='word_1_142' title='bbox 1075 2188 1359 2231; x_wconf 84' lang='lat' dir='ltr'><strong>tribuendam</strong></span> <span class='ocrx_word' id='word_1_143' title='bbox 1398 2202 1494 2230; x_wconf 91' lang='lat' dir='ltr'><strong>esse</strong></span> <span class='ocrx_word' id='word_1_144' title='bbox 1534 2188 1684 2230; x_wconf 90' lang='lat' dir='ltr'><strong>denuo</strong></span> 
     </span>
     <span class='ocr_line' id='line_1_24' title="bbox 187 2267 381 2319; baseline -0.005 -12"><span class='ocrx_word' id='word_1_145' title='bbox 187 2267 381 2319; x_wconf 77' lang='lat' dir='ltr'><strong>apparet.</strong></span> 
     </span>
     <span class='ocr_line' id='line_1_25' title="bbox 609 2448 1261 2499; baseline 0.003 -12"><span class='ocrx_word' id='word_1_146' title='bbox 609 2448 723 2489; x_wconf 83' lang='lat' dir='ltr'><strong>vm</strong></span> <span class='ocrx_word' id='word_1_147' title='bbox 751 2448 814 2488; x_wconf 88' lang='lat' dir='ltr'><strong>De</strong></span> <span class='ocrx_word' id='word_1_148' title='bbox 843 2449 871 2488; x_wconf 89' lang='lat' dir='ltr'>L</span> <span class='ocrx_word' id='word_1_149' title='bbox 899 2448 971 2488; x_wconf 84' lang='lat' dir='ltr'><strong>lv.</strong></span> <span class='ocrx_word' id='word_1_150' title='bbox 1001 2448 1114 2499; x_wconf 79' lang='lat' dir='ltr'><strong>eleg.</strong></span> <span class='ocrx_word' id='word_1_151' title='bbox 1142 2450 1261 2489; x_wconf 82' lang='lat'><strong>2—6.</strong></span> 
     </span>
    </p>
   </div>
   <div class='ocr_carea' id='block_1_12' title="bbox 187 2573 1686 2784">
    <p class='ocr_par' dir='ltr' id='par_1_13' title="bbox 187 2573 1686 2784">
     <span class='ocr_line' id='line_1_26' title="bbox 244 2573 1685 2630; baseline 0.002 -14"><span class='ocrx_word' id='word_1_152' title='bbox 244 2573 423 2628; x_wconf 79' lang='lat' dir='ltr'><strong>Elegiae</strong></span> <span class='ocrx_word' id='word_1_153' title='bbox 449 2573 502 2616; x_wconf 93' lang='lat' dir='ltr'><strong>de</strong></span> <span class='ocrx_word' id='word_1_154' title='bbox 527 2588 678 2618; x_wconf 84' lang='lat' dir='ltr'><strong>amore</strong></span> <span class='ocrx_word' id='word_1_155' title='bbox 717 2574 922 2628; x_wconf 84' lang='lat' dir='ltr'><strong>Sulpiciae</strong></span> <span class='ocrx_word' id='word_1_156' title='bbox 962 2579 1006 2618; x_wconf 91' lang='lat' dir='ltr'><strong>et</strong></span> <span class='ocrx_word' id='word_1_157' title='bbox 1042 2574 1242 2618; x_wconf 88' lang='lat' dir='ltr'><strong>Cerinthi</strong></span> <span class='ocrx_word' id='word_1_158' title='bbox 1283 2576 1468 2630; x_wconf 80' lang='lat' dir='ltr'><strong>scriptas</strong></span> <span class='ocrx_word' id='word_1_159' title='bbox 1506 2574 1685 2620; x_wconf 84' lang='lat' dir='ltr'><strong>Tibullo</strong></span> 
     </span>
     <span class='ocr_line' id='line_1_27' title="bbox 187 2649 1686 2708; baseline 0.002 -16"><span class='ocrx_word' id='word_1_160' title='bbox 187 2649 443 2693; x_wconf 79' lang='lat' dir='ltr'><strong>abiudicant</strong></span> <span class='ocrx_word' id='word_1_161' title='bbox 466 2650 550 2693; x_wconf 87' lang='lat' dir='ltr'><strong>viri</strong></span> <span class='ocrx_word' id='word_1_162' title='bbox 574 2650 693 2694; x_wconf 86' lang='lat' dir='ltr'><strong>docti</strong></span> <span class='ocrx_word' id='word_1_163' title='bbox 718 2653 898 2706; x_wconf 81' lang='lat' dir='ltr'><strong>quidam</strong></span> <span class='ocrx_word' id='word_1_164' title='bbox 924 2652 1219 2707; x_wconf 80' lang='lat' dir='ltr'><strong>hypercritici,</strong></span> <span class='ocrx_word' id='word_1_165' title='bbox 1249 2666 1517 2708; x_wconf 84' lang='lat' dir='ltr'><strong>quamquam</strong></span> <span class='ocrx_word' id='word_1_166' title='bbox 1556 2655 1686 2696; x_wconf 78' lang='lat' dir='ltr'><strong>tanta</strong></span> 
     </span>
     <span class='ocr_line' id='line_1_28' title="bbox 188 2727 1682 2784; baseline 0.002 -15"><span class='ocrx_word' id='word_1_167' title='bbox 188 2729 257 2770; x_wconf 84' lang='lat' dir='ltr'><strong>est</strong></span> <span class='ocrx_word' id='word_1_168' title='bbox 279 2727 398 2770; x_wconf 88' lang='lat' dir='ltr'><strong>inter</strong></span> <span class='ocrx_word' id='word_1_169' title='bbox 423 2740 498 2770; x_wconf 84' lang='lat' dir='ltr'><strong>eas</strong></span> <span class='ocrx_word' id='word_1_170' title='bbox 531 2731 574 2770; x_wconf 86' lang='lat' dir='ltr'><strong>et</strong></span> <span class='ocrx_word' id='word_1_171' title='bbox 610 2728 722 2771; x_wconf 87' lang='lat' dir='ltr'><strong>duos</strong></span> <span class='ocrx_word' id='word_1_172' title='bbox 758 2730 930 2784; x_wconf 89' lang='lat' dir='ltr'><strong>priores</strong></span> <span class='ocrx_word' id='word_1_173' title='bbox 966 2730 1130 2772; x_wconf 87' lang='lat' dir='ltr'><strong>Tibulli</strong></span> <span class='ocrx_word' id='word_1_174' title='bbox 1168 2730 1304 2772; x_wconf 88' lang='lat' dir='ltr'><strong>libros</strong></span> <span class='ocrx_word' id='word_1_175' title='bbox 1343 2743 1490 2772; x_wconf 87' lang='lat' dir='ltr'><strong>rerum</strong></span> <span class='ocrx_word' id='word_1_176' title='bbox 1527 2730 1682 2773; x_wconf 89' lang='lat' dir='ltr'><strong>verbo-</strong></span> 
     </span>
    </p>
   </div>
  </div>
 </body>
</html>
