1942 3132
184 696 221 720 25

183 1081 222 1105 30

184 1465 222 1490 35

182 1850 220 1873 40

182 2233 220 2256 45

182 2616 221 2640 50

238 240 284 275 58

944 254 990 284 11.
1015 254 1050 283 5.

296 371 385 412 Nec
413 371 505 411 fore
533 371 739 413 credebat
764 371 966 422 Romam,
996 386 1097 413 cum
1123 375 1304 413 maestus
1333 373 1387 413 ab
1413 373 1503 413 alto

356 446 477 488 Ilion
505 447 712 490 ardentes
737 449 1063 502 respiceretque
1092 449 1209 490 deos.

296 524 515 566 Romulus
542 527 715 566 aeternae
742 526 943 567 nondum
970 526 1238 567 formaverat
1264 526 1386 567 urbis

357 601 537 651 Moenia,
566 603 770 644 consorti'
788 616 881 644 non
907 602 1151 644 habitanda
1179 603 1333 652 Remo,

298 675 383 717 Sed
409 679 515 718 tunc
541 678 783 731 pascebant
808 678 999 720 herbosa
1024 679 1197 720 Palatia
1221 692 1364 720 vaccae

357 755 414 796 Et
441 755 619 797 stabant
646 756 838 797 humiles
865 757 913 796 in
938 756 1059 797 Iovis
1086 769 1183 797 arce
1212 770 1336 797 casae.

297 831 433 872 Lacte
458 831 647 874 madens
672 833 765 874 illic
793 833 974 874 suberat
1000 833 1094 874 Pan
1120 833 1234 875 ilicis
1262 834 1429 874 umbrae

357 907 414 949 Et
441 910 557 950 facta
584 910 746 963 agresti
772 910 921 963 lignea
947 910 1058 950 falce
1084 909 1227 959 Pales,

297 985 609 1039 Pendebatque
636 987 734 1039 vagi
762 987 955 1039 pastoris
983 987 1037 1027 ab
1065 987 1220 1027 arbore
1247 989 1414 1036 votum,

360 1061 550 1104 Garrula
577 1063 768 1104 silvestri
796 1062 947 1104 fistula
974 1076 1098 1104 sacra
1125 1063 1220 1115 deo,

298 1138 485 1187 Fistula,
516 1139 586 1180 cui
615 1153 791 1193 semper
816 1139 1031 1180 decrescit
1058 1139 1291 1181 arundinis
1319 1139 1450 1181 ordo:

357 1215 471 1256 Nam
499 1216 697 1257 calamus
724 1229 825 1257 cera
850 1217 1051 1270 iungitur
1077 1229 1218 1269 usque
1244 1217 1404 1257 minor.

294 1292 352 1334 At
378 1306 465 1346 qua
491 1292 671 1334 Velabri
696 1294 817 1346 regio
844 1295 978 1347 patet,
1007 1294 1071 1334 ire
1100 1293 1272 1335 solebat

356 1370 552 1423 Exiguus
579 1370 711 1423 pulsa
735 1384 815 1423 per
840 1371 955 1411 vada
979 1370 1116 1412 linter
1142 1383 1267 1423 aqua.

295 1447 381 1488 Illa
409 1460 525 1499 saepe
558 1446 704 1500 gregis
731 1447 813 1487 diti
839 1447 1059 1500 placitura
1085 1447 1299 1500 magistro

357 1523 424 1564 Ad
450 1523 659 1565 iuvenem
686 1525 799 1565 festa
826 1527 892 1565 est
917 1526 1043 1565 vecta
1069 1524 1221 1576 puella
1247 1523 1328 1571 die,

297 1599 410 1642 Cum
437 1613 524 1653 qua
552 1600 727 1641 fecundi
755 1600 986 1641 redierunt
1010 1613 1199 1641 munera
1223 1599 1352 1647 ruris,

357 1677 522 1718 Caseus
550 1679 593 1717 et
618 1677 758 1717 niveae
786 1676 1000 1718 candidus
1029 1689 1168 1729 agnus
1197 1676 1304 1717 ovis.
1332 1700 1390 1702 —

302 1754 522 1807 «Impiger
546 1754 709 1802 Aenea,
738 1754 971 1794 volitantis
997 1754 1134 1794 frater
1157 1753 1346 1801 Amoris,

356 1831 510 1872 Troica
537 1831 612 1884 qui
637 1831 839 1884 profugis
867 1843 991 1871 sacra
1017 1830 1142 1871 vehis
1168 1830 1351 1878 ratibus,

295 1908 391 1948 Iam
418 1907 498 1949 tibi
525 1907 773 1948 Laurentes
800 1907 1008 1959 adsignat
1033 1907 1235 1960 Iuppiter
1261 1919 1402 1961 agros,

356 1984 451 2024 Iam
478 1987 606 2025 vocat
632 1986 833 2024 errantes
862 1984 1040 2036 hospita
1066 1987 1183 2036 terra
1208 1985 1359 2026 Lares.

296 2061 395 2102 Illic
423 2062 603 2102 sanctus
633 2061 731 2110 eris,
761 2074 862 2101 cum
888 2063 932 2101 te
959 2060 1214 2102 veneranda
1239 2061 1415 2102 Numici

357 2138 488 2179 Unda
515 2138 646 2179 deum
674 2139 779 2179 caelo
806 2138 980 2179 miserit
1005 2137 1268 2192 Indigetem.

295 2215 407 2255 Ecce
436 2228 569 2268 super
595 2215 735 2256 fessas
762 2215 921 2256 volitat
946 2215 1145 2257 Victoria
1170 2229 1357 2269 puppes,

356 2291 553 2332 Tandem
579 2290 635 2331 ad
661 2290 875 2332 Troianos
902 2291 1003 2333 diva
1030 2292 1222 2345 superba
1247 2293 1381 2333 venit.

295 2367 407 2407 Ecce
434 2367 547 2407 mihi
572 2367 724 2408 lucent
750 2367 929 2408 Rutulis
955 2368 1164 2410 incendia
1190 2370 1372 2418 castris;

355 2444 452 2485 Iam
479 2443 559 2484 tibi
585 2443 791 2496 praedico,
819 2443 1004 2485 barbare
1031 2445 1190 2495 Turne,
1219 2459 1386 2487 necem.

296 2519 411 2559 Ante
439 2519 591 2559 oculos
617 2519 819 2560 Laurens
847 2521 1041 2560 castrum
1067 2534 1311 2576 murusque
1336 2521 1496 2563 Lavini
1522 2522 1589 2562 est

356 2595 554 2649 Albaque
582 2595 635 2636 ab
662 2595 854 2636 Ascanio
882 2596 1060 2637 condita
1086 2598 1242 2651 Longa
1269 2597 1389 2639 duce.

297 2672 356 2712 Te
384 2673 562 2725 quoque
585 2672 674 2712 iam
700 2671 842 2720 video,
870 2672 1005 2713 Marti
1030 2674 1250 2726 placitura
1277 2673 1480 2715 sacerdos

355 2749 452 2799 Ilia,
479 2749 682 2791 Vestales
710 2748 958 2790 deseruisse
986 2751 1118 2799 focos,
