1942 3132
273 211 344 246 214
853 228 909 257 An
929 227 985 258 1v.
1009 226 1042 256 8.
1065 229 1118 256 ET
1139 226 1173 257 9.

274 344 494 385 Arretium
528 345 575 385 in
602 343 779 386 Etruria
802 345 910 386 villa
946 343 1177 386 Messallae.
1207 369 1265 373 —-
1291 345 1457 398 amnis,
1496 346 1652 395 Arnus,
1681 346 1755 400 qui

275 419 546 461 descendens
575 434 625 461 ex
649 419 884 473 Apennino
909 420 1132 461 Arretium
1157 421 1427 474 praeterfluit.

333 497 381 538 V.
411 498 538 538 5—8.
568 496 765 538 nimium
790 495 1004 540 Messalla
1029 496 1118 539 mei
1143 496 1350 549 studiose,
1380 499 1455 553 qui
1486 499 1626 540 nimio
1654 512 1760 553 erga

275 587 344 614 me
373 572 518 614 studio
544 573 758 615 molestus
789 574 901 615 mihi
929 588 986 615 es.
1015 599 1071 602 μ-
1099 572 1203 616 Non
1229 575 1500 630 tempestivae
1525 588 1639 631 saepe
1665 609 1673 617 .
1706 609 1714 617 .
1742 609 1750 617 .

273 649 370 701 vice,
411 663 524 703 saepe
561 663 653 691 non
696 654 798 692 sunt
835 651 1097 705 tempestiva
1136 651 1262 702 (mihi
1290 653 1555 706 opportuna)
1579 652 1753 701 itinera,

275 740 369 780 quae
395 728 444 768 tu
469 739 642 768 meeum
668 728 809 770 faeere
827 728 903 769 vis.
932 744 990 755 ’--
1014 727 1277 785 propinque,
1297 728 1360 769 ita
1377 728 1618 782 alloquitur
1641 727 1758 769 Mes-

275 803 444 853 sallam,
485 804 560 857 qui
598 803 840 845 avunculus
884 805 978 845 eius
1017 806 1120 845 erat.
1150 829 1207 831 μ
1236 802 1333 856 Hic,
1374 817 1428 846 80.
1469 806 1517 846 111
1553 805 1671 846 urbe.
1700 829 1759 833 ——

275 879 484 932 abducta,
511 882 667 922 contra
680 866 955 922 voluntatem
982 894 1136 930 suam,·
1163 881 1214 922 cf.
1244 881 1360 922 infra
1385 881 1439 923 Π.
1470 882 1508 931 3,
1537 882 1619 924 61:
1652 881 1757 923 «Ne-

273 957 432 998 mesim
451 971 545 1011 quae
574 957 752 998 abducis
780 957 833 999 ab
858 958 1007 999 urbe».
1036 983 1093 985 —
1119 956 1324 1000 Arbitrio
1346 991 1355 1000 .
1380 991 1389 999 .
1414 991 1424 999 .
1455 970 1549 1001 esse
1572 969 1686 1012 meo,
1704 957 1761 999 ad
1834 1009 1838 1013 ⁸

276 1033 506 1075 arbitrium
531 1047 681 1076 meum
706 1035 863 1076 vivere.
892 1076 895 1077 γ

993 1206 1047 1247 Π.

818 1350 907 1390 Lib.
935 1351 1006 1390 IV.
1036 1351 1148 1401 eleg.
1176 1354 1214 1391 9.

332 1493 697 1536 Introductio.
734 1494 919 1536 Nuntiat
952 1493 1149 1548 Sulpicia
1174 1493 1384 1536 Cerintho
1411 1494 1631 1536 abiectum
1658 1507 1754 1536 esse

274 1570 511 1612 consilium
537 1570 710 1613 itineris
738 1574 781 1612 et
804 1571 936 1612 licere
964 1571 1048 1612 sibi
1073 1571 1121 1612 in
1146 1571 1253 1612 urbe
1279 1583 1459 1612 manere
1484 1570 1628 1612 natali
1654 1584 1758 1613 suo:

276 1647 329 1688 ab
357 1647 563 1689 omnibus
589 1660 708 1689 nunc
747 1647 900 1689 amicis
927 1648 1196 1689 celebratum
1232 1647 1289 1688 iri
1327 1647 1443 1689 diem
1480 1649 1659 1702 foreque
1684 1647 1758 1688 lae-

274 1725 497 1766 tissimum
525 1724 723 1766 amatori.
1711 1777 1714 1780 ‚

332 1801 381 1843 V.
416 1802 538 1843 1—4.
579 1801 693 1844 iter.
721 1835 758 1842 ..
802 1800 1049 1851 sublatum,
1087 1800 1297 1842 Messalla
1333 1801 1468 1855 igitur
1505 1801 1675 1843 destitit
1705 1802 1761 1844 ab

273 1879 433 1919 itinere
461 1878 676 1920 faciendo.
712 1903 758 1907 —
790 1890 848 1920 eoe
886 1877 1041 1920 animo
1064 1910 1073 1918 .
1099 1911 1108 1919 .
1132 1910 1141 1918 .
1165 1876 1346 1933 puellae,
1388 1877 1443 1919 ad
1467 1878 1756 1928 voluntatem,

275 1955 331 1996 ad
357 1957 559 2008 optatum
587 1956 693 1996 eius.
722 1979 779 1983 —
804 1954 965 2002 natali,
995 1967 1050 1995 80.
1080 1953 1150 1995 die
1177 1954 1317 1995 natali
1343 1952 1561 2007 Sulpiciae.
1580 1978 1639 1982 —
1655 1955 1755 2003 tuae,

276 2033 458 2086 supple:
484 2033 656 2086 puellae,
683 2035 734 2073 ut
758 2028 875 2073 infra
899 2030 970 2073 IV.
1001 2033 1039 2081 7,
1069 2033 1120 2074 8:
1154 2044 1325 2072 «meus»
1357 2043 1463 2084 pro:
1489 2043 1615 2072 meus
1641 2043 1761 2071 ama·

274 2112 354 2152 tor.
385 2109 446 2151 Cf.
477 2109 575 2152 adn.
606 2123 738 2164 supra
765 2109 820 2150 ad
840 2110 871 2150 L
897 2111 937 2157 4,
967 2110 1051 2150 75:
1085 2123 1222 2150 «suae»
1254 2110 1297 2149 et
1322 2107 1428 2148 Hor.
1458 2106 1597 2149 Oarm.
1626 2107 1659 2148 Ι.
1693 2108 1756 2158 15,

277 2188 357 2228 3⁶2:
391 2186 513 2228 «Non
539 2186 623 2227 hoc
647 2185 872 2239 pollicitus
902 2189 1014 2227 tuae»
1059 2199 1114 2227 80.
1145 2185 1306 2226 amioae.
1334 2208 1393 2212 ——
1423 2180 1646 2225 Omnibus
1672 2215 1682 2224 .
1710 2215 1719 2224 .
1747 2215 1756 2224 .

274 2263 420 2312 uobis,
448 2262 739 2316 intellegendi
765 2264 870 2304 sunt
907 2262 1037 2303 amici
1075 2261 1280 2315 Sulpiciae
1319 2262 1363 2301 et
1400 2259 1611 2308 Corinthi,
1646 2259 1764 2301 inter

277 2353 386 2394 quos
413 2342 507 2380 erat
533 2339 744 2388 Tibullus,
773 2339 936 2380 amoris
965 2352 1117 2380 eorum
1154 2337 1332 2379 conscii.
1359 2361 1418 2364 —
1443 2338 1622 2392 agatur,
1649 2335 1760 2377 eele-

274 2416 425 2458 bretur
441 2431 450 2466 3
478 2417 529 2457 cf.
558 2416 663 2458 Hor.
694 2415 835 2458 Garm.
864 2416 934 2457 IV.
969 2417 1033 2465 11,
1067 2417 1144 2457 14:
1177 2415 1299 2456 «idus
1315 2413 1396 2454 tibi
1414 2414 1518 2454 sunt
1534 2410 1755 2465 agendae».

275 2518 333 2521 —
364 2490 452 2543 Qui
478 2492 768 2547 necopinanti
793 2505 914 2535 nuuc
953 2492 1035 2535 tibi
1059 2492 1174 2548 forte
1209 2491 1341 2542 veuit,
1381 2503 1486 2532 nam
1523 2488 1759 2531 Corinthus

276 2583 368 2611 non
395 2569 588 2622 speravit
615 2582 660 2610 se
688 2569 806 2610 hunc
842 2570 959 2611 diem
998 2583 1088 2610 una
1114 2582 1214 2610 011111
1239 2568 1388 2622 puella
1414 2580 1494 2608 sua
1519 2566 1759 2608 celebratu-

275 2659 374 2688 rum
401 2659 509 2687 esse.
537 2645 722 2686 Videtur
750 2644 945 2698 Sulpicia
985 2647 1090 2686 ante
1117 2645 1267 2687 oeulos
1305 2643 1513 2685 habuisse
1539 2641 1628 2684 Tib.
1657 2642 1689 2684 L
1719 2643 1759 2693 9,

275 2723 359 2764 43:
392 2720 539 2775 «Saepe
566 2721 813 2775 insperanti
841 2721 962 2762 venit
986 2721 1068 2762 tibi
1094 2734 1279 2762 munere
1306 2722 1501 2762 nostro».
