1942 3132
0 1162 17 1510 3--.-..‚.‚.‚„-.†--.w.
0 1123 2 1130 -
0 1076 3 1100 Ν
0 934 8 1058 -·--÷-*·
0 860 6 907 νὴ·
0 817 5 829 -
0 791 2 798 ν
0 720 13 748 ν,
0 667 6 695 v
0 574 4 581 -

0 1831 17 2164 -u-‹zvvrn-u-n-——v-ss-

798 232 853 262 u>
874 233 904 262 1.
928 230 964 263 4.
986 230 1155 261 27—82.
1684 215 1734 252 -73

220 353 477 397 Imminet».
507 351 816 407 quemlocum
845 348 1267 403 etiamLygdamus
1285 349 1489 389 imitatus
1513 352 1579 390 est
1607 350 1647 393 5.
1675 349 1732 390 4:

226 430 362 474 «Cum
390 443 437 472 se
463 442 688 484 purpureo
713 441 815 470 vere
842 426 1031 469 remittit
1049 426 1258 467 humus».
1288 423 1559 480 Purpureus
1582 428 1733 467 autem

221 509 306 551 hoc
339 508 438 550 loco
477 519 572 549 non
609 506 792 548 rubrum
831 504 1040 551 colorem,
1083 502 1160 545 sed
1202 501 1486 557 splendorem
1532 503 1732 544 colorum

220 584 446 640 splendori
475 597 684 638 purpurae
711 582 906 625 similem
934 579 1170 634 significat,
1197 583 1248 622 ut
1273 579 1382 621 Hor.
1414 579 1557 622 Carm.
1590 580 1661 621 IV.
1698 582 1734 629 1,

225 665 304 705 10:
337 661 600 716 «purpureis
617 660 711 702 ales
727 658 969 709 oloribus»,
987 658 1115 712 Verg.
1135 659 1243 699 Aen.
1265 657 1298 699 I.
1319 659 1433 700 590:
1467 657 1733 710 «lumenque

220 741 415 782 iuventae
442 738 764 794 Purpureum»,
791 736 920 790 Prop.
949 736 1028 778 ΠΙ.
1059 738 1099 785 5,
1136 737 1218 778 32:
1252 735 1531 790 «Purpureus
1556 734 1734 788 pluvias

220 831 301 859 cur
339 817 452 859 bibit
492 829 620 858 arcus
660 827 842 869 aquas».
875 838 933 842 -—
962 825 1225 869 purpureos
1247 845 1257 854 .
1283 845 1292 854 .
1318 845 1328 854 .
1373 812 1561 862 colore3‚
1601 811 1735 852 fiores

220 908 429 949 purpurae
457 891 740 948 splendorem
769 891 1029 940 referentes,
1056 893 1108 932 ut
1122 890 1251 944 Verg.
1279 890 1388 932 Aen.
1408 889 1457 931 V.
1489 890 1573 931 79:
1603 889 1734 930 «Pur-

220 985 472 1027 pureosque
511 970 619 1012 iacit
655 967 814 1011 flores»
855 970 900 1010 et
933 968 1004 1010 VI.
1046 968 1161 1010 884:
1208 967 1486 1021 «Purpureos
1527 980 1734 1020 spargam

219 1049 377 1091 fiores»
400 1064 409 1098 ;
433 1048 510 1090 Ov.
539 1046 644 1089 Met.
664 1047 714 1088 V.
745 1046 858 1088 390:
891 1046 1103 1099 «Frigora
1119 1045 1231 1087 dant
1248 1045 1375 1094 rami,
1396 1045 1551 1098 Tyrios
1569 1045 1735 1086 humus

219 1126 374 1168 umida
405 1125 581 1167 flores».
610 1149 670 1154 —-
695 1124 882 1169 colores.
923 1123 1057 1165 fiores
1096 1123 1332 1168 coloratos.
1375 1125 1426 1163 ut
1463 1121 1624 1165 Catull.
1663 1124 1733 1166 (54.

220 1206 304 1246 90:
337 1204 536 1244 «Aurave
559 1201 796 1244 distinctos
819 1201 969 1243 educit
983 1207 1124 1243 verna
1146 1201 1343 1242 colores»
1366 1216 1375 1250 ;
1402 1200 1532 1254 Prop.
1552 1200 1585 1241 Ι.
1617 1201 1655 1247 2,
1682 1201 1734 1241 9:

226 1282 423 1335 «Aspice.
454 1293 540 1335 quo
569 1280 822 1322 summittat
862 1279 1028 1320 humus
1055 1279 1255 1320 formosa
1281 1278 1478 1319 colores»
1504 1292 1513 1326 ;
1541 1276 1734 1318 Pseudo-

219 1358 347 1413 Verg.
378 1357 474 1401 Cul.
505 1358 709 1400 70÷712
743 1356 950 1398 «Florida
987 1369 1089 1398 eum
1129 1355 1266 1397 tellus
1301 1356 1582 1409 gemmantes
1616 1355 1737 1408 picta

219 1449 300 1490 per
324 1436 488 1478 herbas
514 1435 627 1477 Vere
666 1437 797 1476 notat
822 1433 941 1476 dulci
982 1433 1194 1476 distincta
1232 1432 1456 1475 coloribus
1501 1445 1648 1474 arva».
1678 1456 1738 1460 —

215 1512 419 1570 populus
442 1511 566 1563 alba,
596 1513 703 1567 quia
727 1511 918 1554 inferior
941 1524 1047 1565 pars
1073 1510 1288 1553 foliorum
1311 1523 1438 1564 paene
1463 1509 1564 1551 albo
1588 1509 1736 1550 colore

219 1594 298 1641 est,
326 1590 452 1632 unde.
474 1590 610 1632 etiam
636 1589 745 1632 Hor.
774 1588 919 1631 Carm.
949 1588 1004 1630 IL
1036 1589 1074 1637 3,
1105 1590 1144 1630 9.
1176 1591 1219 1629 et
1246 1587 1323 1631 Ov.
1352 1587 1458 1629 Her.
1490 1589 1529 1635 9,
1560 1588 1628 1628 64.
1659 1599 1735 1640 po-

219 1668 379 1723 pulum
405 1666 565 1710 albam
591 1667 833 1709 nominant
848 1682 858 1717 ;
884 1666 1012 1720 Verg.
1039 1666 1130 1708 Ecl.
1160 1668 1201 1715 9,
1229 1667 1283 1708 41
1307 1682 1316 1707 ε
1352 1664 1568 1707 «candida
1594 1677 1734 1717 popu-

220 1745 316 1787 lus»
347 1748 392 1787 et
416 1746 525 1786 Aen.
554 1744 671 1786 VIII.
704 1746 817 1787 276:
851 1744 1048 1786 «bicolor
1074 1744 1312 1798 populus».
1339 1768 1395 1772 —
1425 1741 1576 1794 Quam
1604 1741 1737 1791 iacet,

220 1821 418 1878 infirmae
443 1834 605 1864 venere
631 1821 712 1865 ubi
737 1823 839 1878 sata
880 1823 1085 1872 senectae,
1118 1820 1208 1872 Qui
1246 1821 1378 1875 prior
1407 1818 1515 1862 Eleo
1543 1820 1608 1861 est
1636 1830 1736 1859 car-

221 1910 319 1941 cere
343 1898 517 1940 missus
543 1910 700 1954 equus,
726 1898 903 1940 videtur
925 1902 1030 1940 ante
1056 1898 1212 1940 oculos
1238 1897 1450 1939 habuisse
1477 1896 1614 1937 Ennii
1642 1909 1734 1936 ver-

222 1989 298 2017 sus
325 1975 445 2030 apud
470 1974 559 2017 Cic.
588 1975 653 2017 De
681 1979 844 2017 senect.
874 1989 908 2016 c.
938 1977 978 2017 5.
1004 1977 1231 2016 servatos:
1265 1973 1414 2017 ·Sicut
1433 1974 1562 2015 fortis
1581 1986 1735 2027 equus,

222 2053 369 2107 spatio
397 2053 473 2106 qui
500 2066 617 2107 saepe
645 2065 856 2106 supremo
879 2051 995 2093 Vicit
1022 2051 1243 2105 Olympia,
1263 2064 1384 2092 nunc
1411 2051 1537 2093 senio
1560 2049 1733 2091 confec·

221 2132 295 2171 tus
334 2130 566 2184 quiescit».
606 2154 662 2158 —
704 2129 832 2178 iacet,
872 2129 1072 2183 languet,
1119 2128 1325 2171 infirmus
1364 2131 1456 2178 est;
1498 2129 1551 2169 cf.
1592 2127 1648 2168 H.
1694 2128 1734 2175 5,

227 2208 488 2250 109—110:
523 2207 671 2248 «iaceo
699 2220 799 2248 cum
828 2207 1007 2248 saucius
1024 2220 1195 2248 annum
1213 2206 1271 2247 Et
1296 2207 1424 2248 faveo
1451 2205 1652 2247 morbo».
1679 2229 1737 2234 —-

218 2284 366 2341 prior,
394 2284 662 2327 adiectivum
691 2297 773 2338 pro
800 2283 1040 2326 adverbio:
1067 2283 1206 2338 prius,
1232 2287 1389 2334 antea;
1417 2284 1470 2325 cf.
1500 2283 1578 2325 Ov.
1606 2284 1655 2324 A.
1684 2284 1733 2325 A.

223 2362 279 2404 H.
310 2363 408 2405 918.
439 2361 492 2403 de
527 2361 746 2403 Hercule:
780 2361 887 2403 «Ille
914 2361 1109 2415 fatigatas
1134 2360 1397 2416 perimendo
1426 2363 1629 2403 monstra
1655 2374 1735 2403 no-

220 2452 361 2482 vercae
391 2439 476 2492 Qui
505 2438 670 2480 meruit
710 2438 880 2482 caelum.
909 2438 1028 2493 quod
1065 2439 1190 2494 prior
1227 2439 1323 2493 ipse
1363 2439 1509 2481 tulit».
1540 2463 1598 2468 —
1625 2437 1735 2481 Eleo

224 2518 290 2560 est
307 2529 486 2560 carcere
502 2516 678 2559 missus
706 2528 861 2572 aqum,
879 2517 1020 2571 quiin
1046 2517 1291 2559 certamine
1319 2516 1554 2571 Olympico
1581 2530 1735 2558 cucur-

225 2594 285 2636 rit
298 2609 308 2644 ;
347 2593 574 2636 Tibullum
603 2593 807 2635 imitatur
831 2593 908 2636 Ov.
937 2593 1042 2636 Her.
1082 2595 1150 2645 17,
1193 2595 1302 2637 166:
1344 2594 1428 2637 «Ut
1469 2594 1588 2636 celer
1625 2594 1734 2635 Eleo

223 2683 399 2713 carcere
451 2672 617 2713 missus
665 2683 847 2725 equusn.
888 2694 947 2700 —
985 2669 1095 2714 Eleo
1119 2705 1128 2714 .
1155 2704 1198 2714 ..
1242 2683 1437 2726 carcere,
1484 2671 1733 2725 Olympico,

224 2751 322 2790 erat
347 2748 468 2790 enim
496 2747 706 2802 Olympia
731 2747 780 2789 in
805 2746 932 2790 Elide
958 2751 1088 2791 terra.
1114 2773 1173 2778 —
1197 2748 1383 2799 missus,
1418 2748 1599 2803 proprie
1627 2747 1733 2788 dici-
