1942 3132
758 210 814 240 An
834 210 884 239 11.
906 209 941 246 3,
965 208 1133 239 61—66.
1628 195 1702 232 269

193 326 327 368 rivali
365 339 472 368 suo:
505 326 750 368 «Barbarus
792 325 987 368 excussis
1028 325 1168 379 agitat
1209 326 1409 379 vestigia
1437 327 1600 368 lumbis
1642 326 1702 369 Et

198 403 346 446 subito
373 404 477 446 felix
500 417 621 446 nunc
646 417 746 446 mea
782 393 923 458 regna
958 406 1123 453 tenet»,
1153 409 1284 458 quem
1323 404 1470 446 locum
1497 404 1700 446 Tibullus

198 483 299 522 ante
325 481 479 523 oculos
495 480 705 523 habuisse
720 479 908 523 videtur.
923 504 981 508 —
1000 480 1143 532 Quem
1170 494 1288 536 saepe
1314 480 1455 536 coegit
1480 479 1701 524 Barbara

196 559 416 614 gypsatos
452 557 570 614 ferre
607 558 786 601 castata
818 556 975 614 pedes,
1001 560 1096 600 erat
1134 558 1271 612 igitur
1297 560 1470 600 amator
1495 558 1701 601 Nemesis

198 633 305 675 olim
331 647 483 676 servus
509 633 735 684 barbarus,
763 634 839 688 qui
863 636 1021 689 postea
1059 635 1365 676 manumissus
1392 636 1436 675 et
1461 634 1584 676 dives
1611 636 1697 677 fac-

197 714 269 751 tus
309 714 389 753 est.
417 735 474 739 -
500 722 619 766 saepe
659 710 815 767 coegit,
857 713 952 753 erat
998 711 1119 753 enim
1166 724 1321 753 servus
1366 723 1572 766 nequam,
1623 712 1699 765 qui

140 820 144 823 >
197 788 358 842 saepius
407 787 680 830 vendebatur
724 802 750 830 a
795 788 1002 831 dominis.
1045 813 1103 816 —
1144 786 1364 831 Barbara
1392 823 1401 831 .
1429 822 1437 830 .
1468 822 1476 830 .
1506 790 1702 843 catasta,

195 878 355 920 pegma
381 865 547 916 altum3
586 866 638 907 cf.
669 863 814 908 Schol.
843 864 900 907 ad
923 865 1041 908 Pers.
1072 864 1160 908 Sat.
1189 865 1262 908 VI.
1291 866 1372 908 77:
1406 864 1558 919 «Apud
1584 866 1697 907 anti-

198 955 307 996 quos
332 942 513 985 venales
552 943 599 984 in
636 944 806 985 catasta
843 942 1137 997 ponebantur,
1165 945 1215 984 ut
1254 942 1406 984 omnia
1432 943 1481 984 in
1507 942 1700 996 eis'pos-

198 1021 298 1061 sent
333 1019 532 1062 membra
569 1020 810 1075 conspici».
836 1019 935 1062 Hoc
971 1020 1070 1062 loco
1118 1019 1323 1063 barbara
1360 1022 1556 1071 vocatur,
1595 1021 1701 1075 quia

197 1096 312 1138 servi
337 1096 513 1138 barbari
550 1098 597 1139 in
636 1110 688 1139 ea
726 1097 1074 1150 exhibebantur;
1110 1098 1165 1139 cf.
1194 1096 1302 1140 Stat.
1331 1096 1436 1140 Silv.
1462 1098 1518 1141 H.
1552 1099 1586 1149 1,
1617 1099 1699 1140 72:

203 1173 326 1215 «Non
351 1175 394 1215 te
420 1173 658 1216 barbaricae
683 1174 888 1217 versabat
914 1175 1044 1218 turbo
1071 1177 1291 1218 catastae».
1311 1199 1370 1205 ——
1390 1178 1635 1231 gypsatos.
1657 1210 1665 1217 .
1687 1210 1696 1217 .

190 1248 346 1305 pedes,
370 1264 508 1305 gypso
535 1254 613 1292 aut
637 1254 757 1293 creta
782 1252 1056 1294 notabantur
1071 1252 1207 1306 pedes
1226 1266 1454 1294 servorum
1473 1252 1700 1295 venalium

195 1330 320 1370 trans
345 1328 803 1378 marevadvectorum;
832 1330 886 1371 cf.
913 1329 1028 1372 Plin.
1055 1330 1105 1371 N.
1134 1329 1188 1371 H.
1220 1331 1288 1379 35,
1323 1331 1431 1372 199:
1465 1332 1608 1372 «creta
1625 1362 1635 1372 .
1658 1363 1666 1371 .
1686 1362 1696 1371 .

195 1418 282 1458 qua
306 1405 472 1447 circum
497 1406 747 1460 praeducere
765 1405 820 1448 ad
836 1407 1031 1449 victoriae
1049 1410 1204 1449 notam
1230 1407 1453 1461 pedesque
1470 1408 1700 1450 venalium

195 1482 319 1523 trans
344 1495 465 1524 mare
492 1482 774 1525 advectorum
813 1483 1025 1526 denotare
1062 1484 1359 1526 instItuerunt
1389 1484 1582 1527 maiores
1608 1517 1618 1526 .
1649 1518 1658 1526 .
1686 1518 1696 1527 .

194 1558 331 1600 talem
355 1558 405 1600 in
431 1561 598 1601 catasta
623 1559 770 1601 videre
797 1559 1138 1615 Chrysogonum
1166 1560 1344 1604 Sullae».
1362 1561 1526 1603 Tibulli
1551 1562 1702 1604 locum

196 1638 300 1678 ante
341 1636 494 1678 oculos
535 1637 693 1678 habuit
730 1637 859 1692 Prop.
902 1637 975 1679 IV.
1016 1640 1055 1686 5,
1100 1639 1275 1680 51-522
1303 1638 1452 1690 (verba
1491 1639 1603 1680 lenae
1645 1639 1702 1680 ad

195 1713 406 1766 puellam,
434 1714 505 1754 cui
530 1714 715 1756 libertos
747 1713 905 1756 divites
931 1714 1256 1767 commendam:
1289 1728 1503 1769 «quorum
1541 1715 1702 1758 titulus

196 1803 278 1843 per
316 1789 503 1832 barbara
543 1791 658 1833 colla
698 1791 922 1845 pependit,
972 1790 1136 1834 Cretati
1184 1792 1331 1834 medio
1378 1806 1479 1835 cum
1527 1793 1702 1835 saluere

198 1867 338 1919 foro»;
364 1866 589 1909 Tibullum
616 1871 660 1910 et
684 1868 964 1922 Propertium
991 1869 1127 1910 simul
1152 1869 1355 1911 imitatur
1380 1869 1458 1911 Ov.
1484 1870 1580 1911 Am.
1608 1870 1642 1912 Ι.
1659 1872 1698 1921 8,

198 1945 389 1987 63--64,
428 1945 547 1996 (lena
587 1945 643 1987 ad
682 1946 923 1999 puellam):
957 1946 1069 1988 «Nec
1107 1950 1167 1994 tu,
1197 1947 1235 1988 si
1276 1947 1375 2001 quis
1417 1948 1501 1989 erit
1540 1948 1703 2002 capitis

197 2021 398 2063 mercede
426 2021 692 2076 redemptus
716 2022 930 2077 Despice:
957 2024 1131 2078 gypsati
1159 2024 1341 2066 crimem
1369 2024 1502 2066 inane
1529 2025 1700 2079 pedis».

257 2098 306 2141 V.
336 2099 526 2142 61-66,
554 2098 615 2142 At
645 2099 728 2142 tibi
755 2103 849 2148 etc„
877 2103 1011 2155 poeta
1037 2114 1123 2143 vss.
1152 2103 1340 2144 61—64.
1369 2102 1478 2144 diris
1517 2102 1704 2145 devovet

198 2178 295 2218 sata
337 2179 381 2217 et
418 2177 564 2227 vinea,
602 2190 698 2231 quae
739 2178 997 2220 amoenitate
1039 2192 1120 2221 sua
1144 2179 1371 2222 Nemesim
1398 2181 1494 2234 agri
1525 2180 1702 2223 colendi

198 2252 445 2296 studiosam
471 2253 527 2295 ab
552 2254 660 2296 urbe
692 2254 995 2306 abduxerunt;
1034 2257 1088 2298 cf.
1115 2257 1270 2299 incert.
1299 2259 1412 2300 auct.
1440 2257 1571 2299 Diras
1597 2259 1700 2310 (vss.

204 2332 429 2383 10—12.):
463 2331 574 2373 «Nec
600 2332 801 2384 fecunda,
831 2334 924 2376 suis
951 2334 1059 2376 olim
1086 2334 1234 2377 felicia
1260 2349 1377 2384 rura,
1402 2334 1583 2377 Semina
1600 2349 1700 2390 par-

198 2408 368 2450 turiant
410 2411 595 2462 segetes,
641 2423 734 2453 non
778 2424 946 2466 pascua
991 2412 1139 2462 colles,
1189 2412 1288 2454 Non
1335 2412 1516 2454 arbusta
1561 2426 1702 2454 novas

197 2486 358 2539 fruges,
398 2499 491 2527 non
528 2488 769 2541 pampinus
806 2502 958 2532 uvas».
986 2515 1044 2518 —
1071 2488 1191 2534 dura
1230 2503 1372 2548 36968,
1410 2491 1616 2534 crudelis.
1644 2517 1658 2519 -
1690 2517 1700 2519 -

197 2560 436 2606 Persolvat
474 2562 607 2606 nulla
648 2564 826 2607 semina
865 2566 990 2609 terra
1029 2566 1133 2622 fide,
1174 2569 1279 2622 quia
1320 2581 1423 2622 ager
1465 2571 1531 2609 est
1574 2569 1700 2622 quasi

198 2639 382 2689 debitor,
411 2640 486 2694 qui
513 2641 686 2683 semina
711 2641 796 2683 sibi
821 2643 1061 2686 commissa
1088 2657 1188 2686 cum
1228 2645 1379 2686 fenore
1419 2644 1599 2687 reddere
1626 2645 1699 2686 de-

199 2716 297 2766 bet;
329 2717 383 2759 cf.
413 2717 511 2759 adn.
542 2731 676 2771 supra
715 2718 770 2760 ad
795 2719 850 2761 [L
880 2723 919 2769 6,
949 2721 1152 2763 21-2ιΗ
1187 2721 1347 2763 «sulcis
1386 2721 1526 2763 credit
1563 2722 1701 2763 aratis
