1942 3132
273 247 340 281 172
841 259 897 288 AD
918 260 949 288 1.
973 258 1008 295 6,
1030 255 1197 287 21·—24.

268 379 311 428 4,
343 379 424 421 72:
459 377 734 432 «Strymonis
762 381 942 418 excusso
970 377 1110 417 fertur
1137 376 1290 428 aperta
1317 374 1441 416 sinu»
1475 376 1518 415 et
1542 374 1598 416 Π.
1626 375 1695 425 22,
1715 375 1768 416 8:

280 442 506 497 «Candida
528 467 622 495 non
647 456 764 495 tecto
790 455 967 507 pectore
995 452 1033 493 31
1059 464 1146 505 qua
1173 450 1336 492 sedet».
1364 473 1423 478 ——
1448 448 1541 493 Nec
1578 452 1619 493 te
1644 448 1768 493 deci-

267 530 370 586 piat
396 531 512 572 nutu
550 528 779 585 diyitoque
820 529 1039 584 liquorem
1066 526 1135 571 Ne
1173 524 1327 569 trahat
1353 528 1393 570 et
1428 538 1598 568 ‘mensae
1628 524 1772 568 ‘ducat

271 607 324 650 in
350 607 456 649 orbe
481 608 633 661 notas,
659 606 714 647 ad
752 607 872 648 hunc
911 607 1059 647 locum
1098 604 1256 646 alludit
1282 603 1358 645 Ov.
1387 603 1513 644 Trist.
1541 588 1598 645 Π.
1625 603 1772 644 453÷

271 686 388 726 454:
421 685 591 738 «thue
629 685 774 732 iefert‚
819 683 968 736 digitis
1011 697 1125 736 saepe
1166 685 1233 724 e'st
1269 684 1468 734 nutuque
1505 681 1680 723 locutus
1715 679 1772 720 Et

273 762 458 802 tacitam
485 774 651 802 mensae
678 760 802 802 duxit
821 761 871 802 in
897 760 1000 802 orbe
1026 762 1203 802 notam»
1213 773 1223 808 ;
1251 759 1454 799 imitatur
1469 757 1546 799 Ov.
1564 757 1659 798 Am.
1677 756 1710 798 L
1729 757 1771 805 4,

272 839 479 880 119——202
504 837 672 879 «Verba
700 837 1053 891 supercilio-sine
1069 850 1174 878 voce
1201 835 1431 889 loquentia
1456 833 1612 885 dicam,
1630 833 1775 875 Verba

275 915 398 968 leges
426 914 591 968 digitis,
619 914 752 956 verba
790 917 945 956 notata
981 928 1104 955 mero
1115 929 1148 954 ».
1177 937 1235 940 ψ
1261 913 1300 953 te
1338 910 1534 967 decipiat
1570 912 1701 964 nutu,
1725 913 1775 951 ut

277 1006 412 1045 supra
439 992 474 1032 Ι.
503 993 541 1041 2,
572 993 653 1034 20:
687 991 803 1032 «viro
843 1004 992 1032 coram
1029 994 1165 1032 nutus
1203 990 1402 1031 conferre
1439 989 1690 1041 loquaces».
1717 1011 1776 1015 —

276 1068 517 1124 liquorem,
541 1069 707 1117 vinum,
736 1069 786 1109 ut
800 1067 888 1109 -Ov.
916 1067 964 1109 A.
992 1068 1040 1108 A.
1068 1067 1102 1109 I.
1130 1066 1392 1108 571—572:
1416 1064 1776 1116 «Blanditiasque

277 1146 398 1186 leves
424 1144 549 1186 tenui
574 1144 844 1197 perscribere
860 1144 980 1193 vino,
998 1143 1057 1186 Ut
1073 1143 1305 1185 dominam
1330 1143 1379 1182 in
1404 1154 1560 1182 mensa
1587 1154 1633 1182 se
1658 1140 1777 1193 legat

276 1222 358 1263 illa
383 1224 548 1270 tuam»,
577 1222 671 1262 Am.
700 1221 755 1262 II.
775 1222 814 1270 5,
840 1222 1036 1262 17—18:
1062 1221 1426 1274 «conscriptaque
1451 1220 1557 1260 vino
1575 1217 1775 1266 Mensa»,

277 1298 382 1341 Her.
418 1299 481 1348 17,
512 1299 714 1340 872288:
744 1296 882 1338 «Orbe
910 1310 1082 1350 quoque
1108 1298 1157 1338 in
1182 1310 1348 1338 mensae
1372 1296 1462 1349 legi
1489 1295 1569 1336 sub
1595 1294 1777 1335 nomine

278 1378 448 1424 nostro,
466 1373 594 1425 Quod
619 1373 806 1415 deducta
823 1387 944 1414 mero
963 1374 1112 1414 littera
1139 1373 1243 1414 fecit
1259 1388 1267 1414 :
1283 1372 1437 1413 Amo».
1454 1395 1513 1399 ——
1526 1383 1720 1412 mensae.
1740 1401 1775 1410 ..

279 1452 330 1494 in-
357 1450 479 1505 orbe,
505 1451 553 1492 in
579 1464 735 1492 mensa
759 1450 964 1492 rotunda.
993 1475 1051 1478 —
1078 1449 1215 1492 ducat
1241 1481 1252 1491 .
1280 1483 1288 1490 .
1319 1482 1327 1490 .
1360 1449 1511 1502 notas,
1536 1449 1585 1488 ut
1611 1445 1687 1487 Ov.
1715 1446 1779 1487 Ex

281 1528 408 1571 Pont.
438 1528 508 1570 IV.
540 1530 579 1577 2,
609 1530 690 1570 24:
723 1528 937 1569 «Ducitur
975 1530 1018 1568 et
1055 1527 1208 1580 digitis
1247 1527 1397 1567 littera
1433 1538 1531 1566 rara
1569 1523 1705 1564 meis»
1736 1525 1781 1563 et

281 1604 388 1646 Her.
423 1606 486 1652 17,
517 1605 599 1646 88:
634 1604 844 1646 «deducta
870 1605 1061 1645 littera».

341 1681 390 1722 V.
421 1682 610 1722 §zv—24.
639 1679 814 1733 Eoeibit,
842 1694 898 1721 sc.
928 1680 1073 1721 domo.
1101 1704 1160 1706 —
1187 1690 1265 1720 seu
1303 1678 1445 1720 visere
1482 1674 1597 1719 dicet
1635 1673 1782 1718 Sacra

283 1756 429 1800 Rome
454 1757 662 1799 maribus
688 1769 782 1799 ozon
808 1754 1025 1799 adeunda
1051 1755 1159 1808 deae,
1186 1754 1322 1796 sacris
1346 1753 1482 1794 Bonae
1507 1752 1611 1793 Deae
1646 1752 1782 1793 inter-

284 1847 382 1876 esse
408 1835 503 1875 viro
530 1847 623 1875 non
649 1833 823 1882 licebat,
852 1832 929 1873 sed
955 1831 1131 1873 feminae
1170 1844 1285 1884 saepe
1325 1829 1622 1871 abutebantur
1646 1829 1702 1870 iis
1729 1828 1784 1871 ad

283 1910 494 1951 libidines
534 1909 773 1964 explendas
802 1912 845 1950 et
883 1909 939 1950 ad
977 1909 1161 1949 maritos
1201 1906 1445 1955 fallendos;
1472 1907 1524 1947 cf.
1554 1905 1629 1947 Ov.
1657 1906 1704 1946 A.
1733 1905 1781 1947 Α,

285 1989 363 2029 ΠΙ.
407 1988 668 2030 637—638:
702 1987 837 2028 «Cum
876 1987 998 2039 fuget
1037 1999 1062 2027 a
1101 1984 1283 2037 templis
1322 1983 1474 2024 oculos
1511 1981 1636 2024 Bona
1672 1982 1786 2024 Diva

287 2066 497 2114 virorum,
526 2066 824 2118 Praeterquam
852 2064 889 2106 si
917 2076 1026 2117 quos
1066 2063 1144 2103 illa
1170 2062 1321 2104 venire
1359 2060 1504 2102 iubet»
1538 2062 1581 2101 et
1607 2060 1659 2101 de
1685 2059 1784 2101 libi-

287 2142 468 2183 dinibus
504 2142 744 2183 mulierum
782 2141 829 2181 in
868 2141 924 2181 iis
964 2140 1100 2180 sacris
1139 2139 1231 2179 Iuv.
1267 2136 1355 2178 Sat.
1386 2138 1423 2187 6,
1455 2137 1700 2178 314—334.
1727 2161 1786 2164 —

289 2232 385 2273 seu,
409 2219 479 2260 vel
508 2219 555 2265 si,
585 2221 635 2259 ut
661 2218 777 2258 infra
801 2218 857 2258 Π.
875 2218 917 2265 4,
936 2218 993 2258 43
1014 2232 1022 2257 :
1048 2214 1159 2256 «Seu
1184 2214 1334 2256 veniet
1359 2213 1440 2255 tibi
1467 2226 1629 2262 mors»,
1656 2212 1784 2265 Prop.

289 2296 344 2336 II.
376 2297 444 2344 26,
475 2297 529 2337 29
556 2296 648 2347 (ubi
675 2298 825 2336 tamen
852 2294 1118 2346 interpretes
1145 2290 1359 2332 nonnulli
1385 2290 1579 2344 primum
1615 2301 1694 2331 seu
1716 2301 1785 2329 ex-

289 2372 450 2413 cidisse
476 2374 652 2424 putant)
679 2373 723 2412 et
747 2372 836 2413 sive
866 2369 983 2424 apud
1003 2370 1121 2410 Pers.
1152 2367 1239 2409 Sat.
1263 2367 1296 2409 I.
1318 2368 1400 2416 673
1426 2367 1567 2408 rarior
1590 2378 1711 2409 usus.
1729 2370 1787 2393 4—-

289 2448 502 2491 maribus
536 2460 628 2490 non
667 2447 896 2501 adeunda,
923 2447 976 2487 de
1004 2445 1157 2486 eadem
1183 2458 1229 2486 re
1256 2444 1392 2497 Lygd.
1421 2444 1461 2493 5,
1491 2443 1631 2484 7—8:
1664 2440 1788 2483 «Non

290 2539 372 2578 ego
414 2526 627 2577 temptavi
669 2525 783 2565 nulli
828 2521 1088 2565 temeranda
1125 2522 1322 2563 virorum
1359 2519 1512 2563 Audax
1553 2516 1787 2576 laudandae

292 2615 418 2652 sacra
445 2601 600 2642 docere
628 2602 760 2642 deae».
790 2626 847 2628 e—
882 2599 1004 2642 Tunc
1029 2598 1146 2642 mihi
1171 2610 1263 2641 non
1304 2597 1449 2640 oculis
1486 2596 1545 2638 sit
1585 2594 1789 2639 timuisse

293 2679 424 2733 meis,
450 2678 688 2724 credebant
714 2677 834 2718 enim
860 2678 1015 2725 virum,
1039 2676 1114 2730 qui
1140 2687 1264 2716 sacra
1280 2674 1417 2714 Bonae
1435 2672 1538 2712 Deae
1565 2670 1787 2723 adspexis-

295 2759 372 2807 set,
417 2756 586 2797 lumine
619 2755 787 2803 ,oi-bari,
831 2758 880 2795 ut
917 2754 1043 2807 Prop.
1087 2753 1157 2794 IV.
1199 2754 1238 2802 9,
1267 2750 1456 2793 53τ-58.
1484 2747 1702 2790 docemur.
1730 2767 1789 2789 —ae
