1942 3132
686 734 1142 823 MARATHUS.

901 883 935 926 I.

738 1013 827 1052 Lib.
855 1012 889 1052 1.
920 1012 1034 1063 eleg.
1062 1014 1102 1053 4.

220 1138 596 1182 Introductio.
630 1138 769 1181 Poeta
808 1138 1005 1180 consulit
1043 1137 1269 1193 Priapum,
1299 1140 1462 1193 quibus
1504 1141 1675 1183 artibus

159 1230 403 1272 puerorum
436 1216 612 1258 animos
639 1215 725 1258 sibi
747 1214 1055 1257 conciliaverit
1081 1217 1242 1268 (1—8).
1273 1214 1531 1271 Sequuntur
1563 1232 1674 1272 prae-

160 1298 291 1349 cepta
316 1294 389 1336 dei
413 1294 605 1346 (9—72).
630 1290 796 1334 Melius
814 1292 872 1333 sit
889 1292 1076 1334 omnino
1094 1293 1247 1346 fugere
1264 1307 1430 1348 pueros
1446 1293 1672 1348 pulchros,

160 1371 252 1424 sed,
279 1373 318 1414 si
343 1375 498 1414 tamen
523 1371 571 1412 in
598 1384 798 1413 amorem
825 1370 1232 1417 eorumincideris.
1253 1374 1358 1414 ante
1376 1373 1531 1414 omnia
1559 1386 1673 1428 opus

160 1455 232 1493 est
253 1449 510 1492 constantia
535 1449 727 1500 (9—20).
756 1433 846 1490 Nec
872 1448 1021 1490 iurare
1047 1448 1170 1499 time,
1189 1463 1296 1491 nam
1324 1449 1386 1491 dii
1414 1451 1672 1493 amantibus

160 1528 290 1572 facile
328 1528 588 1571 condonant
611 1527 860 1582 periurium
899 1527 1123 1578 (21—26).
1166 1525 1338 1578 Quodsi
1373 1527 1529 1570 tardus
1568 1529 1670 1580 eris,

161 1606 356 1649 errabis:
394 1606 483 1648 cito
521 1604 733 1647 transibit
773 1607 881 1646 aetas
921 1605 1018 1646 sine
1054 1604 1203 1647 fructu
1241 1605 1408 1647 amoris
1446 1607 1669 1658 (27—38).

160 1682 388 1726 Utendum
415 1682 630 1736 obsequio
656 1681 945 1736 potissimum
968 1684 1011 1723 et
1041 1680 1274 1722 blanditiis
1300 1683 1426 1733 (39-
1438 1683 1524 1724 56».
1544 1682 1670 1724 Nunc

158 1772 295 1814 pravo
318 1773 442 1801 more
465 1759 615 1802 saeculi
642 1759 832 1802 avaritia
858 1758 1118 1800 dominatur
1144 1761 1189 1800 et
1213 1760 1342 1812 pueri
1360 1759 1547 1801 formosi
1572 1773 1670 1801 mu-

157 1850 268 1880 nera
292 1836 451 1878 volunt
476 1837 699 1888 (57—60).
727 1836 949 1878 Hortatur
979 1836 1118 1890 igitur
1143 1849 1219 1877 eos
1246 1835 1368 1879 deus,
1408 1840 1460 1878 ut
1497 1837 1672 1878 abiecta

157 1913 402 1968 cupiditate
429 1914 540 1955 lucri
577 1916 736 1967 poetas
775 1915 939 1962 ament,
982 1913 1057 1966 qui
1095 1911 1478 1966 pulchritudinem
1514 1926 1670 1956 eorum

157 1990 498 2032 immortalitate
525 1989 696 2031 donant
711 1990 937 2041 (61-66).
964 1988 1048 2040 Qui
1077 2002 1276 2031 amorem
1303 1993 1457 2031 tamen
1478 1990 1670 2033 vendere

157 2068 331 2118 volunt,
355 2080 432 2109 eos
450 2069 704 2109 exsecratur
718 2068 941 2118 (67—72).
962 2064 1099 2108 Poeta
1117 2068 1350 2122 praeceptis
1366 2067 1518 2121 Priapi
1544 2067 1667 2110 audi-

156 2144 216 2187 tis
238 2145 328 2186 iam
355 2131 622 2198 magistrum
649 2144 815 2185 amoris
842 2144 1061 2186 celebrem
1089 2158 1135 2187 se
1163 2146 1256 2188 fore
1285 2149 1446 2200 sperat,
1471 2146 1549 2188 sed
1566 2160 1670 2189 mox

158 2223 298 2265 sentit
314 2234 380 2267 ,ne
408 2221 492 2263 sibi
515 2221 694 2276 quidem
723 2235 768 2264 se
796 2235 927 2276 opem
955 2222 1069 2263 ferre
1088 2235 1233 2276 posse.
1250 2236 1352 2264 cum
1369 2223 1494 2265 lento
1515 2237 1667 2266 amore

156 2298 366 2350 Marathi,
386 2299 514 2354 pueri
538 2298 746 2349 difficilis,
762 2301 1036 2354 torqueatur,
1061 2313 1205 2355 neque
1232 2301 1338 2343 ullis
1365 2301 1536 2344 artibus
1563 2316 1663 2345 eum

157 2389 315 2431 capere
342 2380 475 2431 queat
499 2377 619 2427 (73—
637 2377 721 2428 84).

216 2454 409 2516 Priapus·
433 2457 527 2495 erat
545 2453 654 2495 deus
678 2454 936 2503 fertilitatis,
961 2455 1089 2497 cuius
1107 2457 1286 2510 signum
1304 2457 1505 2510 ligneum
1522 2457 1664 2500 minio

157 2531 341 2586 pictum,
375 2531 547 2573 nudum
575 2533 619 2572 et
645 2544 759 2584 pene
786 2534 944 2581 erecto,
986 2533 1033 2574 in
1072 2533 1216 2574 hortis
1255 2546 1424 2587 ponere
1460 2534 1664 2576 solebant

159 2608 344 2663 antiqui.
374 2609 551 2651 Naturae
570 2608 641 2649 dei
659 2609 978 2651 convenienter
993 2613 1137 2664 poetae
1164 2611 1331 2652 lasciva
1360 2612 1400 2652 ei
1427 2611 1665 2653 sacrabant

154 2685 367 2735 carmina,
381 2699 571 2740 quorum
582 2685 784 2739 exempla
793 2685 924 2728 nobis
934 2690 1111 2730 exstant
1120 2688 1168 2730 in
1179 2688 1348 2743 sylloge
1356 2689 1660 2743 Priapeorum‚

157 2762 351 2804 maxima
393 2775 445 2804 ex
481 2767 607 2818 parte
635 2766 835 2816 tempore
860 2764 1051 2818 Augusti
1091 2766 1269 2820 scripta.
1302 2765 1506 2807 Tibullus
1545 2768 1661 2807 certe

1471 2847 1516 2879 5*
