1942 3132
787 197 845 227 AD
866 198 896 228 1.
923 196 954 234 1,
979 195 1149 227 37—40.
1659 184 1727 221 135

216 327 301 369 que
324 327 462 368 pecus
487 314 630 357 denso
663 315 908 369 pascebant
939 314 1124 369 agmine
1163 315 1303 357 colles
1327 315 1384 358 Et
1409 317 1593 359 domino
1621 313 1731 361 satis

217 393 263 432 et
286 390 478 432 nimium
517 391 693 446 furique
732 392 970 447 lupoque».
999 416 1058 420 —
1083 390 1182 441 Hic,
1212 405 1267 434 sc.
1299 392 1344 434 in
1386 406 1492 447 agro
1531 408 1646 444 meo,
1681 399 1731 439 ut

214 461 353 522 ‘supra
392 481 453 510 vs.
500 470 582 511 225:
615 469 724 511 «Hic
764 469 899 511 modo
946 469 1036 511 iam
1082 470 1255 523 possim
1297 473 1536 512 contentus
1582 474 1730 516 vivere

215 558 397 599 parvo».
425 570 483 574 —
509 548 835 602 pastoremque
855 557 1009 589 meum
1037 546 1237 589 lustrare
1278 547 1545 601 quotannis,
1586 550 1733 602 agitur

217 621 271 663 de
296 621 526 672 Palilibus,
570 623 695 673 festo,
724 622 796 664 die
830 623 899 664 21.
856 622 1093 679 Aprilis
1120 623 1168 664 in
1207 623 1428 664 honorem
1466 623 1598 689 Palis,
1640 624 1730 668 deae

216 701 463 771 pastorum,
491 699 726 750 celebrato,
755 699 808 741 de
836 713 924 754 quo
951 699 1082 754 plura
1105 700 1207 742 vide
1234 701 1353 742 infra
1379 701 1434 742 ad
1460 701 1518 742 ΙΙ.
1548 688 1589 752 5
1614 702 1730 743 87—

217 775 302 818 90:
335 776 420 817 «Ac
446 776 654 819 madidus
679 776 853 819 Baccho
883 790 964 819 sua
991 778 1105 819 festa
1131 777 1292 819 Palilia
1316 782 1472 832 pastor
1488 777 1731 822 Concinet:

218 865 245 894 a
270 854 460 896 stabulis
485 856 594 896 tunc
609 854 766 909 procul
783 857 887 900 este.
915 855 1024 908 lupi.
1054 855 1136 896 Ille
1162 855 1273 896 levis
1291 855 1470 909 stipulae
1497 856 1731 899 sollemnis

217 934 351 985 potus
390 944 571 975 acervos
605 931 840 980 Accendet,
868 931 1075 974 flammas
1114 933 1426 987 transilietque
1453 945 1647 975 sacras».
1674 958 1732 962 —

221 1007 432 1059 lustrare,
459 1009 767 1051 lustrabantur
786 1012 991 1064 pastores
1019 1009 1228 1052 ardentes
1256 1010 1445 1063 stipulas
1472 1012 1731 1054 transilien-

218 1087 312 1134 tes;
339 1086 392 1128 cf.
422 1085 524 1128 adn.
551 1086 670 1128 infra
701 1086 758 1129 ad
782 1086 838 1129 Π.
868 1088 908 1136 5,
938 1088 1127 1129 89——90.
1157 1111 1216 1116 —
1242 1085 1302 1129 Et
1331 1087 1575 1142 placidam
1611 1088 1732 1132 soleo

218 1174 438 1218 sparyere
480 1162 595 1206 lacte
631 1161 805 1216 Palem,
849 1164 963 1205 festo
1005 1164 1217 1206 Palilium
1259 1163 1439 1217 signum
1481 1164 1574 1206 deae
1616 1165 1730 1207 lacte

220 1239 567 1294 aspergebat-un⁴
601 1241 656 1282 cf.
695 1239 772 1282 Ov.
813 1240 935 1283 Fast.
971 1240 1356 1283 ·1V.7745—-746:
1405 1240 1552 1282 «Adde
1594 1241 1733 1295 dapes

217 1317 543 1373 mulctramque
586 1332 691 1360 suas
733 1318 1013 1373 dapibusque
1055 1318 1237 1360 resectis
1279 1317 1539 1361 Silvicolam
1582 1318 1732 1373 tepido

217 1394 331 1435 lacte
370 1407 551 1455 precare
589 1394 783 1436 Palem».
825 1394 1028 1436 Eandem
1067 1408 1161 1436 rem
1203 1395 1350 1449 tangit
1389 1396 1487 1448 ipse
1530 1396 1732 1438 Tibullus

216 1470 335 1512 infra
360 1471 416 1513 Π.
445 1473 487 1522 5,
515 1471 719 1515 027—28:
752 1471 912 1514 «Lacte
937 1472 1125 1514 madens
1166 1471 1259 1513 ilh‘c
1291 1471 1472 1514 suberat
1498 1473 1591 1514 Pan
1617 1474 1734 1515 ilicis

217 1548 385 1591 umbrae
425 1549 483 1590 Et
524 1549 642 1591 facta
683 1549 849 1603 agresti
891 1549 1044 1604 lignea
1085 1549 1197 1591 falce
1239 1548 1392 1590 Pales»
1402 1565 1412 1600 3
1456 1550 1508 1592 cf.
1546 1549 1647 1592 adn.
1677 1550 1733 1592 ad

218 1625 260 1668 h.
289 1626 318 1668 1.
346 1650 406 1655 —-
423 1625 678 1682 placidam,
718 1640 801 1682 per
837 1627 1096 1681 prolepsin:
1132 1629 1182 1668 ut
1216 1626 1394 1680 placida
1423 1627 1507 1677 sit;
1547 1628 1601 1670 cf.
1630 1628 1732 1670 adn.

218 1715 354 1757 supra
379 1703 435 1746 ad
459 1704 496 1747 I.
524 1705 564 1755 8,
598 1705 678 1747 16:
712 1705 976 1747 «nitidum».

278 1779 328 1822 V.
358 1781 547 1824 37—40.
576 1780 768 1832 Adsitis,
808 1780 916 1831 divi,
957 1768 1147 1824 faveatis
1184 1782 1299 1823 mihi
1336 1782 1408 1836 pie
1435 1795 1514 1823 vos
1541 1782 1732 1832 colenti3

218 1858 271 1899 cf.
312 1857 440 1911 Verg.
482 1858 591 1901 Aen.
636 1858 710 1901 IV.
739 1859 841 1901 578.
881 1859 1055 1900 Aeneas
1096 1858 1154 1900 ad
1193 1858 1492 1901 Mercurium:
1525 1858 1679 1901 «Adsis
1708 1872 1733 1900 o

217 1934 509 1989 placidusque
547 1935 716 1978 iuves».
743 1959 803 1964 —
829 1948 852 1978 e
877 1947 1085 1991 paupera
1123 1947 1288 1978 mensa
1312 1933 1463 1985 Dona,
1490 1935 1733 1977 libationes

217 2013 312 2054 vini
351 2014 397 2054 et
434 2011 572 2066 dapes
598 2014 800 2066 tempore
842 2025 962 2054 cenae
1000 2011 1088 2054 diis
1127 2012 1299 2054 oblatae.
1330 2011 1547 2055 Solebant
1583 2014 1733 2054 autem

218 2089 424 2144 agricolae
451 2091 665 2132 cenantes
700 2089 928 2155 imprimis
965 2087 1052 2145 diis
1088 2089 1266 2131 rusticis
1303 2089 1458 2139 libare,
1485 2091 1537 2131 ut
1562 2088 1734 2131 Ofellus

218 2152 398 2209 11εῆίῇ
438 2165 643 2218 (Sat.11.
687 2166 1066 2219 2‚124—125.:)
1099 2165 1182 2208 «Ac
1223 2168 1437 2210 venerata
1478 2164 1631 2215 Ceres,
1669 2167 1733 2208 ita

218 2245 367 2294 culmo
408 2245 609 2297 surgeret
647 2243 752 2293 alto,
792 2243 1019 2297 Explicuit
1043 2243 1149 2286 vino
1188 2245 1426 2286 contractae
1466 2243 1582 2285 seria
1613 2243 1732 2285 fron-

218 2322 322 2363 tis».
347 2345 407 2350 —
432 2333 513 2363 nec
540 2333 562 2363 e
583 2320 719 2376 puris
745 2320 944 2376 spernite
968 2319 1204 2377 fictilibus,
1222 2333 1409 2363 summae
1427 2320 1732 2374 simplicitatis

221 2402 289 2441 est
313 2397 525 2440 fictilibus
566 2396 824 2447 sacrificare,
854 2410 961 2439 nam
998 2400 1177 2452 paterae,
1206 2397 1368 2452 quibus
1392 2397 1499 2441 vina
1530 2397 1733 2439 libaban-

219 2478 305 2527 tur,
335 2479 379 2518 et
403 2475 593 2530 pateHae,
633 2474 795 2530 quibus
835 2474 975 2529 dapes
1012 2474 1098 2517 diis
1135 2474 1447 2525 offerebantur,
1487 2474 1579 2516 iam
1618 2474 1732 2537 anti-

220 2553 450 2608 quissimis
489 2551 768 2606 temporibus
807 2565 859 2594 ex
883 2555 1082 2618 ffifflto
1108 2555 1238 2594 erant
1276 2552 1428 2602 {actim
1456 2552 1509 2593 cf.
1537 2551 1650 2593 Plin.
1680 2551 1730 2593 N.

219 2612 276 2672 ΙΙ.
321 2629 518 2672 XXXVI.
568 2629 678 2671 153:
725 2627 992 2678 «Fabricius,
1033 2629 1109 2683 qui
1156 2628 1394 2671 bellicosos
1439 2629 1731 2682 imperatores

221 2707 324 2762 plus
350 2720 485 2762 quam
509 2709 713 2761 pateram
739 2707 785 2747 et
810 2705 1005 2748 salinum
1030 2705 1194 2749 habere
1221 2719 1274 2748 ex
1299 2707 1483 2759 argento
1508 2704 1711 2747 vetabat»
1720 2719 1731 2754 ;
