1942 3132
738 197 795 228 AD
813 197 863 228 11.
886 196 920 235 5,
945 196 1112 227 51—56.
1603 185 1670 221 281

173 314 319 368 agitur
344 318 461 358 certe
487 315 539 358 de
566 316 723 358 castris
748 315 1017 358 Rutulorum
1043 315 1097 357 ab
1123 316 1272 358 Aenea
1311 300 1518 367 incensis,
1547 318 1673 359 cuius

171 375 236 434 rei
261 392 380 447 apud
405 394 518 436 alios
545 393 781 448 scriptores
805 394 933 436 nulla
965 395 1104 436 restat
1136 394 1364 435 memoria.
1399 419 1451 422 —
1479 393 1673 437 barbare

181 467 346 524 Turne,
385 483 461 512 rex
500 469 780 519 Rutulorum,
824 469 968 512 hostis
994 470 1180 520 Aeneae;
1223 469 1434 524 barbare,
1473 472 1594 513 ferox
1631 474 1674 513 et

175 546 379 598 crudelis,
406 549 457 589 ut
480 547 608 601 Prop.
646 547 726 590 III.
758 548 826 598 16,
857 548 1053 590 13—14:
1087 546 1324 602 «Quisquis
1362 551 1536 589 amator
1574 549 1669 598 erit,

173 621 390 678 Scythicis
414 625 519 667 licet
544 625 740 668 ambulet
757 625 861 675 oris,
878 625 1019 668 Nemo
1036 624 1160 674 adeo,
1188 627 1237 667 ut
1262 627 1435 676 noceat,
1461 625 1675 667 barbarus

174 714 269 744 esse
294 702 424 744 velit»
456 704 500 744 et
526 702 602 745 Ov.
631 701 726 745 Am.
754 702 787 745 I.
818 704 857 753 7,
890 704 968 745 19:
1002 703 1138 755 «Quis
1174 702 1287 744 mihi
1319 715 1435 745 non:
1464 702 1672 745 demens!

173 778 272 832 quis
297 792 389 822 non
414 779 550 822 mihi:
579 779 788 822 barbare!
816 780 968 823 dixit».
987 804 1045 809 ——
1061 792 1230 834 necem,
1246 780 1420 823 Turnus
1446 780 1502 822 ab
1526 780 1675 822 Aenea

156 840 345 898 'occisus
376 853 476 906 'est3
508 857 561 899 cf.
589 856 717 911 Verg.
745 858 854 900 Aen.
882 856 980 899 XII.
1009 859 1109 900 697.
1138 871 1229 913 sqq.
1258 882 1316 886 ———
1342 856 1555 900 Laurens
1592 870 1673 900 ca-

174 933 338 985 strum,
364 933 538 987 appulit
561 933 734 976 Aeneas
760 933 815 976 ad
842 934 985 989 ripam
1026 935 1291 976 orientalem
1317 933 1486 976 Tiberis
1525 933 1674 988 ibique

171 1012 317 1051 castra
341 1010 505 1051 muniit
529 1010 576 1051 in
603 1023 708 1065 agro
745 1010 987 1060 Laurenti;
1027 1011 1079 1053 cf.
1108 1011 1236 1066 Verg.
1264 1011 1372 1053 Aen.
1400 1010 1495 1053 VH.
1529 1011 1673 1052 157—-

178 1086 285 1128 159:
318 1086 544 1139 «(Aeneas)
586 1087 746 1130 humili
787 1087 992 1143 designat
1031 1090 1199 1131 moenia
1240 1090 1360 1131 fossa
1400 1087 1674 1142 Moliturque

172 1161 322 1204 locum
345 1164 599 1219 primasque
626 1165 674 1206 in
698 1165 830 1207 litore
858 1164 984 1208 sedes
1011 1165 1267 1220 Castrorum
1293 1166 1341 1207 in
1367 1179 1538 1208 morem
1577 1166 1675 1220 pin-

172 1240 244 1282 nis
270 1243 401 1295 atque
427 1254 584 1295 aggere
611 1242 791 1296 cingit».
819 1241 952 1284 Hunc
976 1242 1138 1291 locum,
1165 1243 1359 1297 primam
1384 1242 1676 1284 Troianorum

178 1317 226 1358 in
251 1316 379 1359 Latio
406 1317 567 1369 sedem,
596 1317 736 1360 Varro
777 1318 896 1373 apud
922 1318 1042 1362 Serv.
1071 1319 1126 1361 ad
1150 1319 1279 1374 Verg.
1306 1319 1414 1362 Aen.
1441 1319 1517 1362 IX.
1545 1322 1601 1371 8.,
1627 1322 1678 1362 ut

178 1393 391 1444 Tibullus,
430 1393 642 1440 Laurens
680 1399 902 1452 castrum,
926 1397 1148 1451 Vergilius
1186 1400 1335 1440 autem
1368 1398 1464 1452 ipse
1488 1398 1595 1440 Aen.
1623 1398 1676 1440 X.

178 1471 279 1514 635.
325 1470 579 1517 Laurentia
625 1477 782 1518 castra
826 1477 968 1518 vocat.
994 1500 1054 1504 —
1079 1473 1264 1529 Lavini,
1308 1475 1414 1517 urbs
1460 1489 1578 1517 nova
1623 1475 1678 1517 ab

177 1548 326 1591 Aenea
366 1549 543 1593 condita
582 1553 626 1593 et
661 1551 711 1594 in
748 1552 967 1595 honorem
1006 1552 1156 1595 uxoris
1182 1553 1391 1604 Laviniae,
1418 1551 1521 1594 filiae
1562 1553 1679 1606 regis

179 1625 344 1675 Latini,
373 1626 612 1670 Lavinium
637 1629 888 1682 appellata;
917 1630 970 1671 cf.
998 1629 1121 1671 Varr.
1149 1629 1198 1671 L.
1226 1629 1274 1671 L.
1303 1628 1352 1671 V.
1385 1629 1493 1671 144:
1519 1627 1678 1682 «Oppi-

179 1700 297 1753 dum,
340 1703 459 1757 quod
498 1704 693 1758 primum
734 1705 964 1747 conditum
1004 1705 1053 1747 in
1090 1706 1219 1748 Latio
1262 1705 1414 1759 stirpis
1452 1704 1676 1753 Romanae,

181 1778 443 1830 Lavinium;
484 1795 591 1823 nam
631 1782 695 1824 ibi
735 1782 795 1824 dii
838 1783 1027 1825 Penates
1068 1784 1255 1825 nostri».
1283 1807 1341 1811 —
1368 1781 1579 1838 Albaque
1620 1781 1679 1824 ab

180 1855 381 1900 Ascanio
419 1856 603 1901 condita
639 1857 802 1916 Lonya
841 1857 969 1914 duce,
995 1861 1048 1902 cf.
1076 1859 1203 1913 Verg.
1230 1859 1338 1901 Aen.
1365 1859 1399 1901 I.
1429 1860 1676 1901 270—271.

181 1931 234 1974 de
258 1933 462 1983 Ascanio,
489 1935 648 1977 Aeneas
674 1934 792 1979 filio:
826 1949 1125 1991 «regnumque
1144 1936 1198 1978 ab
1217 1935 1318 1978 sede
1335 1935 1497 1977 Lavini
1522 1936 1678 1977 Trans-

182 2011 292 2053 feret
328 2014 372 2054 et
408 2011 609 2066 Longam
650 2014 793 2055 multa
829 2014 873 2055 vi
912 2013 1086 2055 muniet
1122 2013 1323 2063 Albam»;
1362 2013 1456 2056 Liv.
1495 2013 1529 2055 I.
1560 2014 1597 2063 3,
1628 2015 1678 2055 3:

188 2088 427 2130 «Ascanius
444 2121 454 2130 .
474 2120 484 2130 .
502 2121 512 2130 .
533 2088 787 2131 abundante
812 2090 974 2132 Lavini
997 2090 1287 2132 multitudine
1313 2090 1546 2132 florentem
1575 2091 1676 2139 iam,

180 2167 231 2206 ut
256 2167 351 2206 tum
377 2179 446 2207 res
473 2169 611 2215 erant,
651 2169 782 2222 atque
822 2167 1082 2221 opulentam
1119 2167 1276 2209 urbem
1314 2152 1445 2209 matri
1484 2181 1563 2209 seu
1600 2181 1680 2210 no-

181 2254 318 2293 vercae
349 2242 541 2297 reliquit,
569 2256 731 2285 novam
769 2244 865 2298 ipse
904 2245 1040 2287 aliam
1079 2245 1160 2286 sub
1186 2244 1358 2286 Albano
1397 2247 1550 2286 monte
1577 2258 1679 2286 con-

181 2317 304 2368 didit,
349 2333 445 2374 quae
486 2320 539 2362 ab
582 2320 671 2363 situ
710 2325 922 2375 porrectae
963 2323 1011 2364 in
1053 2321 1184 2365 dorso
1226 2322 1346 2364 urbis
1385 2322 1540 2376 Longa
1570 2322 1682 2363 Alba

181 2398 447 2452 appellata».

241 2474 291 2518 V.
334 2476 523 2517 51—56.
550 2473 691 2519 Marti
725 2475 976 2531 placitura,
1016 2491 1113 2532 quae
1154 2477 1286 2519 Marti
1333 2477 1542 2531 placebis,
1590 2490 1681 2518 non

182 2554 356 2594 autem:
398 2566 493 2606 quae
529 2553 703 2607 placere
736 2553 815 2603 vis,
844 2567 949 2596 nam
986 2554 1108 2596 Mars
1145 2554 1275 2596 Iliam
1315 2553 1559 2596 secundum
1587 2554 1680 2594 Liv.

181 2627 216 2671 L
243 2629 283 2671 4.
310 2629 367 2678 vi,
408 2628 651 2672 secundum
677 2629 755 2672 Ov.
792 2630 912 2674 Fast.
951 2632 1031 2674 ΠΙ.
1064 2633 1130 2675 11.
1159 2645 1249 2686 sqq.
1279 2632 1327 2673 in
1366 2645 1524 2674 somno
1564 2644 1680 2672 com·

183 2706 356 2761 pressit.
384 2706 517 2748 Aliud
542 2706 762 2761 significat
793 2707 1030 2763 placitura
1057 2722 1191 2763 supra
1217 2722 1280 2751 VS.
1309 2710 1390 2758 353
1418 2710 1470 2750 cf.
1499 2708 1597 2749 adn.
1627 2706 1682 2748 ad
