1942 3132
766 191 987 225 manneus
1003 191 1052 224 11.
1586 179 1659 219 319

216 358 231 365 ς
314 307 408 348 Heu
435 308 516 352 hen
545 316 665 358 quau·
696 308 910 364 Marathus
931 309 1050 352 ,lento
1077 320 1146 352 me
1174 310 1338 359 torquet
1368 313 1529 350 amore!

368 378 578 419 Deficiunt
604 381 713 419 artes
741 377 1016 430 deficiuntque
1045 377 1141 418 doli.
1175 388 1180 422 ζ

313 449 450 495 Parce,
481 461 596 499 puer,
625 461 774 501 quaeso,
803 461 856 488 ne
884 449 1017 500 turpis
1043 447 1183 494 fabula
1209 448 1320 496 fiam,

369 521 473 561 Cum
502 533 594 564 mea
619 519 815 560 ridebunt
840 532 962 559 vana.
975 520 1225 569 magisteria.

153 617 295 660 Aliter
318 611 367 659 in
394 617 535 671 elegia
560 610 904 671 octava':‘poeta
928 616 1018 658 iam
1043 617 1300 659 conciliavit
1331 618 1417 660 sibi
1455 619 1656 660 animum

153 693 360 742 Marathi‚
389 694 463 748 qui
489 693 680 735 crudelis
706 705 803 735 esse
829 692 1021 736 desierat
1044 694 1147 745 (vss.
1177 694 1411 746 71-7-72.):

315 805 396 844 Hic
424 774 640 848 Marathus
668 805 878 855 quondam
906 805 1081 846 miseros
1108 805 1276 845 ludebat
1302 785 1506 851 amantes,

369 876 540 916 Nescius
562 876 743 920 ,ultorem
771 878 866 926 post
892 877 1016 927 caput
1043 888 1132 916 esse
1162 875 1298 915 deum.

214 1002 415 1056 Elegiam
441 1005 641 1045 octavam
668 1003 868 1057 sequitur
887 1015 1022 1046 nona.
1043 1003 1096 1044 In
1114 1006 1270 1045 octava
1287 1003 1407 1045 enim
1424 1003 1657 1045 Marathus

156 1081 278 1121 amat
302 1079 515 1129 Pholoen,
546 1079 622 1124 sed
646 1079 844 1134 puellam
882 1093 1036 1134 capere
1074 1093 1167 1122 non
1203 1082 1353 1134 potest
1366 1095 1377 1130 ;
1416 1082 1573 1122 contra
1609 1080 1657 1123 in

157 1168 279 1197 nona
303 1155 454 1211 puella
479 1156 654 1198 Tibullo
681 1156 895 1198 suadente
921 1157 1012 1198 iam
1038 1156 1261 1199 exaudivit
1284 1170 1488 1211 puerum,
1522 1170 1657 1212 quare

154 1236 289 1288 poeta
309 1233 404 1275 iure
430 1236 579 1287 potest
602 1232 859 1276 Marathum
883 1234 1048 1288 ingrati
1066 1234 1212 1276 animi
1234 1237 1342 1276 nota
1363 1233 1538 1277 afficere
1555 1236 1655 1287 (vss.

157 1310 388 1362 39—44.):

317 1384 426 1433 Quid
453 1385 614 1432 faciam,
644 1386 728 1424 nisi
757 1387 797 1424 et
824 1387 912 1436 ipse
941 1385 1048 1425 fores
1076 1387 1123 1425 in
1151 1398 1290 1425 amore
1317 1387 1492 1436 puellae‘?

371 1455 452 1496 Sed
478 1469 624 1507 precor
652 1457 841 1507 exemplo
869 1458 924 1496 sit
950 1457 1051 1496 levis
1078 1457 1152 1496 illa
1179 1452 1263 1496 tuo.
1302 1482 1306 1485 -

245 1571 254 1573 ,
318 1527 353 1567 Ο
383 1529 585 1579 quotiens,
614 1528 750 1568 verbis
778 1541 830 1567 ne
861 1529 1076 1580 quisquam
1105 1530 1294 1569 conscius
1322 1532 1440 1574 esset,

371 1599 467 1650 Ipse
496 1611 633 1638 comes
661 1600 792 1639 multa
818 1601 979 1639 lumina
1005 1602 1128 1640 nocte
1155 1600 1253 1639 tuli!

318 1671 434 1722 Saepe
462 1672 697 1722 insperanti
722 1673 838 1711 venit
865 1671 941 1711 tibi
969 1684 1139 1711 munere
1167 1674 1309 1711 nostro

372 1742 426 1782 Et
453 1744 575 1782 latuit
602 1745 760 1781 clausas
787 1745 882 1794 post
910 1743 1107 1794 adoperta
1134 1742 1254 1782 fores.

159 1850 316 1892 Puella
332 1850 416 1892 hoc
438 1851 536 1893 loco
554 1857 901 1893 commemorata
922 1853 990 1894 est
1009 1854 1127 1893 certe
1150 1850 1304 1894 eadem
1325 1851 1506 1900 Pholoe,
1530 1851 1658 1894 cuius

159 1905 311 1969 amore
335 1926 592 1969 Marathum
617 1926 818 1981 deperire
844 1927 1047 1970 videmus
1072 1928 1121 1970 in
1147 1928 1290 1982 elegia
1314 1930 1480 1970 octava„

625 2169 681 2209 11.
710 2168 774 2208 De
803 2168 933 2208 bellis
961 2169 1192 2210 messalla.

219 2312 475 2355 Messallam
501 2312 556 2354 ad
580 2313 758 2355 Actium
790 2327 1014 2368 pugnasse
1052 2316 1096 2356 et
1133 2313 1304 2356 bellurn
1341 2313 1655 2368 Aquitanicum

158 2392 263 2444 post
286 2402 484 2444 pugnam
508 2390 733 2432 Actiacam
760 2390 815 2432 ab
840 2404 892 2433 eo
918 2393 1092 2446 gestum
1119 2403 1215 2432 esse
1241 2391 1430 2432 testatur
1465 2389 1653 2444 Appian.

156 2465 269 2509 Bell.
298 2463 387 2508 Civ.
414 2465 486 2508 IV.
517 2467 584 2508 38.
612 2466 814 2509 Eundem
838 2470 942 2522 post
964 2480 1162 2522 pugnam
1186 2467 1411 2508 Actiacam
1436 2467 1570 2508 etiam
1609 2468 1655 2508 in

163 2541 289 2597 Syria
327 2542 567 2585 exercitum
606 2542 782 2586 duxisse
820 2543 1011 2598 legimus
1048 2543 1166 2598 apud
1203 2543 1302 2586 Dio.
1343 2542 1462 2587 Cass.
1504 2543 1572 2585 LI.
1616 2544 1654 2585 7.

158 2618 413 2662 Ptovincias
441 2619 691 2669 orientales,
719 2620 795 2662 ubi
819 2619 1030 2663 Messalla
1054 2634 1124 2663 res
1156 2620 1294 2674 gessit
1329 2620 1655 2670 memorabiles,

159 2700 393 2740 enumerat
415 2696 616 2739 Tibullus
640 2696 674 2739 Ι.
703 2697 743 2747 7,
775 2698 971 2740 13—22:
