1942 3132
233 201 299 235 140
800 217 857 245 AD
877 217 907 245 1.
933 214 964 255 1,
990 215 1157 246 69—78.

230 344 354 373 amor
379 332 464 373 fuit
487 332 718 385 pietasque
744 332 792 373 in
819 345 975 374 omnes
1003 346 1122 382 suos,
1149 333 1233 374 hoc
1260 335 1375 374 certe
1402 333 1481 374 illa
1521 336 1564 375 te
1591 334 1734 375 facere

231 410 304 461 (sc.
337 409 648 450 vehementius
686 409 853 461 lugere)
891 423 984 450 non
1021 410 1159 449 vult».
1188 433 1247 436 ——
1274 407 1354 451 sed
1388 422 1529 464 parce
1570 410 1734 454 solutis

236 482 454 527 Crinibus
493 487 534 527 et
573 484 738 528 teneris
765 517 775 526 .
807 519 815 527 .
843 518 853 527 .
875 498 1012 540 parce
1049 484 1190 541 yemis,
1218 498 1317 526 mos
1345 489 1439 527 erat
1469 486 1732 540 lugentium,

232 566 283 602 ut
307 562 493 615 capillos
520 561 774 603 scinderent
801 564 844 603 et
869 575 1006 615 genas
1032 561 1260 615 unguibus
1286 562 1557 611 lacerarent;
1584 563 1636 604 cf.
1657 562 1733 605 Ov.

233 638 359 679 Trist.
388 637 465 678 III.
497 638 534 686 3,
564 639 633 679 51.
663 637 717 679 ad
742 651 950 680 uxorem:
984 638 1141 679 «Parce
1178 640 1331 679 tamen
1367 639 1561 680 lacerare
1598 653 1736 693 genas

235 728 317 756 1100
355 713 505 755 scinde
547 715 759 768 capillos»
793 717 836 756 et
860 715 956 757 Am.
985 715 1063 757 111.
1094 717 1133 763 9,
1163 716 1354 756 51-—52
1394 714 1448 756 de
1486 717 1642 758 funere
1669 717 1736 758 Ti-

236 790 372 831 bulli:
407 790 549 832 «Hinc
590 804 716 832 soror
751 791 800 832 in
837 795 1010 845 partem
1048 792 1214 833 misera
1254 805 1356 832 011111
1394 794 1534 833 matre
1573 791 1738 834 doloris

237 868 372 910 Venit
416 867 648 910 inornatas
695 853 930 910 dilaniata*
958 881 1149 910 comas».
1193 893 1252 896 „-
1295 867 1458 911 solutis
1508 867 1737 919 Crinibus,

238 944 355 999 quod
394 946 487 985 erat
526 945 706 998 signum
731 945 903 994 luctus;
931 946 983 986 cf.
1021 945 1120 987 adn.
1151 958 1285 999 supra
1312 944 1368 986 ad
1391 945 1424 986 Ι.
1456 946 1493 995 3,
1524 946 1576 987 8:
1609 961 1624 984 «
1635 945 1740 988 effu-

239 1022 300 1063 sis
326 1021 507 1061 comis».

298 1096 346 1138 V.
376 1097 520 1138 69—7
526 1098 565 1138 2.
583 1094 775 1146 Interea,
806 1095 916 1139 dum
941 1096 1043 1153 fata
1069 1096 1240 1147 sinunt,
1268 1097 1520 1155 immamus
1547 1112 1740 1149 amores,

239 1172 342 1216 Iam
366 1172 512 1215 veniet
552 1172 747 1215 tenebris
775 1171 897 1214 Mors
934 1171 1154 1227 adoperta
1194 1176 1343 1228 eaput,
1368 1176 1517 1217 locum
1544 1176 1745 1218 imitatur

241 1250 368 1303 Prop.
409 1250 442 1291 I.
491 1251 557 1299 19,
598 1251 680 1292 25:
714 1250 895 1302 «Quare,
940 1250 1046 1292 dum
1091 1251 1207 1301 licet,
1249 1251 1366 1293 inter
1413 1265 1497 1294 nos
1543 1254 1745 1295 laetemur

244 1329 469 1369 amantes»
503 1330 546 1368 01
571 1327 625 1368 Π.
660 1329 725 1377 15,
755 1329 956 1370 23—24:
990 1328 1131 1370 «Dum
1168 1342 1252 1371 nos
1279 1330 1370 1370 fata
1396 1329 1561 1378 sinunt,
1592 1330 1744 1371 0011108

242 1404 457 1446 satiemus
485 1418 662 1446 amore:
689 1405 784 1446 Nox
808 1405 891 1446 tibi
916 1406 1051 1459 longa
1076 1406 1200 1447 venit
1215 1420 1298 1448 nec
1314 1406 1510 1447 reditura
1533 1407 1670 1449 dies».
1686 1432 1745 1435 —

244 1480 494 1535 iungamus
533 1494 727 1531 amores,
768 1495 968 1523 amemus
1009 1495 1159 1523 amore
1198 1485 1367 1532 mutuo,
1409 1486 1458 1523 ut
1486 1482 1643 1524 Catull.
1674 1484 1742 1532 64,

245 1559 355 1600 372:
390 1559 557 1610 «Quare
598 1559 714 1611 agite
754 1561 930 1612 optatos
970 1558 1108 1600 animi
1147 1560 1404 1613 coniungite
1444 1573 1659 1602 amores».
1688 1585 1745 1588 —

245 1634 440 1677 tenebris
481 1634 604 1677 Mors
645 1634 867 1691 adoperta
907 1637 1054 1691 caput,
1089 1635 1211 1678 Mors
1249 1635 1575 1689 personificata,
1604 1637 1747 1690 capite

245 1712 440 1753 tenebris
479 1713 708 1762 involuto:
749 1715 854 1754 sunt
893 1714 1012 1754 enim
1052 1714 1245 1755 tenebrae
1284 1714 1441 1755 mortis
1481 1714 1672 1767 signum,
1699 1718 1750 1756 ut

245 1787 371 1840 Verg.
400 1788 508 1829 Aen.
524 1788 595 1830 VI.
625 1790 724 1831 866.
752 1789 1014 1831 Marcellum
1039 1790 1290 1831 immaturae
1316 1790 1450 1831 morti
1477 1790 1749 1832 destinatum

248 1865 311 1904 ita
337 1864 569 1906 describit:
604 1864 715 1907 «Sed
752 1880 840 1907 nox
879 1869 974 1908 atra
1013 1869 1146 1921 caput
1171 1867 1289 1908 tristi
1327 1868 1614 1909 circumvolat
1653 1880 1749 1908 um-

248 1942 367 1983 bra».
395 1967 454 1969 —
480 1940 583 1985 Iam
608 1942 814 1997 subrepet
840 1943 964 1985 iners
990 1944 1111 1993 oetas,
1141 1945 1193 1985 cf.
1224 1944 1323 1986 adn.
1354 1958 1488 1998 supra
1513 1944 1545 1985 I.
1585 1942 1650 1993 10,
1666 1945 1750 1986 40:

256 2018 475 2073 «Occupat
501 2053 510 2061 .
541 2053 549 2062 .
579 2053 589 2062 .
617 2021 744 2074 pigra
772 2023 974 2062 senecta»
1009 2024 1051 2062 et
1076 2022 1169 2063 Iuv.
1200 2020 1287 2064 Sat.
1315 2020 1390 2063 IX.
1424 2022 1533 2063 129:
1554 2021 1752 2074 «obrepit

250 2109 343 2137 non
383 2097 611 2138 intellecta
653 2100 899 2139 senectus».
927 2122 984 2125 —
1022 2096 1184 2140 Dicere
1222 2110 1302 2140 nec
1343 2110 1457 2140 cano
1501 2096 1751 2141 blanditias

253 2173 412 2228 eapite,
441 2175 494 2215 cf.
523 2174 640 2215 infra
665 2173 698 2215 Ι.
729 2175 767 2223 2,
797 2176 866 2216 91.
894 2175 949 2216 de
977 2187 1083 2216 sene
1112 2177 1315 2216 amante:
1350 2175 1429 2216 «Et
1457 2175 1541 2216 sibi
1580 2174 1750 2216 blandi-

252 2247 337 2289 tias
374 2249 566 2289 tremula
591 2262 859 2303 componere
884 2264 1015 2292 voce»
1061 2258 1104 2292 et
1133 2251 1275 2293 Plaut.
1302 2251 1435 2294 Merc.
1465 2252 1575 2294 305:
1607 2250 1752 2292 «Tune

256 2325 399 2377 capite
426 2338 537 2366 cano
565 2339 700 2376 amas,
731 2341 865 2368 senex
890 2328 1234 2382 nequissumeP»

313 2400 362 2442 V.
393 2401 580 2443 73--78,
611 2402 720 2445 levis
747 2436 757 2445 .
787 2436 796 2444 .
825 2436 834 2445 .
873 2402 1032 2454 Venus,
1060 2419 1154 2447 non
1192 2406 1320 2455 seria,
1360 2418 1451 2446 non
1490 2403 1647 2458 gravia
1677 2403 1753 2445 sed

256 2478 528 2527 ludibunda3
568 2481 620 2520 cf.
670 2479 785 2521 infra
822 2480 856 2521 Ι.
898 2482 939 2531 7,
977 2482 1061 2523 44:
1107 2482 1241 2524 «levis
1284 2494 1449 2523 amor».
1488 2505 1546 2510 —-
1592 2478 1751 2530 Venus,

259 2568 392 2596 amor.
420 2580 479 2583 —
504 2555 717 2611 franyere
756 2559 917 2611 postes,
957 2557 1057 2598 vide
1096 2557 1196 2600 adn.
1237 2571 1371 2612 supra
1408 2557 1464 2599 ad
1498 2558 1532 2599 L
1577 2558 1641 2606 10,
1671 2558 1753 2599 54:

265 2632 528 2686 «perfractas
567 2632 707 2673 fores»
752 2634 795 2672 01
835 2631 911 2673 Ov.
951 2632 1047 2674 Am.
1090 2633 1123 2675 Ι.
1168 2635 1209 2683 9,
1249 2635 1318 2675 20.
1359 2633 1410 2675 de
1451 2632 1593 2674 milite
1621 2634 1664 2673 et
1701 2632 1754 2674 de

251 2710 463 2750 amante:
508 2707 604 2748 «hic
641 2710 793 2761 portas
831 2708 1005 2762 frangit,
1035 2711 1079 2750 at
1116 2709 1195 2750 ille
1233 2711 1393 2751 fores».
1419 2732 1479 2736 —
1501 2707 1633 2750 rimas
1676 2708 1753 2750 in-
