1942 3132
273 193 341 227 266
831 206 886 235 AD
907 207 955 234 11.
979 204 1012 242 3,
1038 202 1203 233 47—52.

276 324 352 378 les,
390 336 523 376 agger
559 322 607 363 in
647 335 771 376 aqua,
811 325 862 363 ut
897 322 1004 362 Hor.
1034 319 1175 362 Caim.
1217 318 1294 360 III.
1328 318 1362 366 1,
1393 316 1589 358 33-—342
1624 314 1761 357 «Con-

273 401 414 440 tracta
438 399 582 453 pisces
608 412 784 452 aequora
810 398 1007 439 sentiunt
1045 396 1177 437 Iactis
1203 396 1250 436 in
1278 394 1418 435 altum
1443 391 1677 433 molibus».
1704 416 1764 419 —

277 476 439 530 lentus,
466 489 660 526 securus,
688 475 836 516 animo
865 474 1025 528 quieto.
1054 498 1109 500 —
1138 471 1278 524 intra,
1303 471 1351 511 in
1377 468 1547 523 piscina
1571 467 1763 509 molibus

275 553 437 593 clausa.
465 577 523 580 ——
549 549 785 607 Neqleyat,
809 564 902 592 non
929 552 1049 590 curet
1064 563 1074 598 3
1108 548 1218 601 regit
1246 546 1545 587 accusativum
1571 558 1671 586 cum
1696 544 1763 584 in—

274 628 459 677 finitivo,
487 630 537 669 ut
564 627 649 669 Cic.
677 627 787 669 Phil.
822 628 885 676 13,
916 627 995 667 33:
1029 626 1388 678 «Theopompum
1414 654 1423 663 .
1452 655 1460 664 .
1491 654 1500 663 .
1529 622 1764 675 confugere

275 704 588 746 Alexandriam
615 704 911 757 neglexistis».
939 727 997 730 —-
1023 702 1191 754 minas,
1217 700 1529 753 tempestates;
1558 698 1608 739 cf.
1636 697 1761 750 Verg.

275 782 382 823 Aen.
409 781 480 823 VI.
514 782 619 823 113:
666 781 919 834 «pelagique
945 779 1076 820 minae
1104 777 1309 831 caelique»
1343 778 1385 816 et
1410 774 1517 816 Hor.
1541 774 1574 816 I.
1599 775 1663 823 12,
1684 774 1764 815 31:

282 859 455 900 «minax
479 858 641 900 unda».

334 936 383 978 V.
411 936 599 977 47—52.
629 932 691 975 At
713 932 828 975 mihi
854 935 947 982 etc„
977 931 1182 973 similiter
1199 930 1384 983 opponit
1402 943 1447 970 se
1468 929 1611 970 avaris
1636 928 1764 981 Prop.

276 1013 353 1054 111.
384 1014 422 1062 5,
453 1013 592 1054 3—4:
626 1010 737 1051 «Nec
761 1011 913 1050 tamen
937 1008 1081 1049 inviso
1108 1008 1260 1060 pectus
1286 1006 1400 1046 mihi
1426 1006 1619 1059 carpitur
1645 1017 1764 1054 aui-0,

278 1090 367 1131 Nec
394 1089 505 1131 bibit
532 1102 553 1129 e
581 1100 755 1142 gemma
781 1086 913 1127 divite
941 1087 1091 1126 nostra
1119 1083 1256 1131 sitis»,
1286 1096 1416 1136 quem
1448 1082 1595 1123 locum
1621 1080 1765 1122 Tibul-

277 1167 348 1208 lus
375 1169 477 1208 ante
505 1165 656 1206 oculos
694 1163 902 1204 habuisse
935 1161 1118 1203 videtur.
1146 1156 1205 1188 —'
1233 1159 1337 1202 laeta
1375 1158 1561 1201 trahant
1598 1156 1769 1201 Samiae

278 1241 486 1286 convivia
512 1243 647 1295 testae,
672 1241 699 1281 i.
729 1253 763 1281 e.
792 1239 966 1280 traham
1004 1237 1206 1279 convivia
1245 1237 1396 1284 testis3
1424 1237 1476 1276 cf.
1507 1234 1605 1276 adn.
1635 1247 1768 1288 supra

280 1320 334 1361 ad
360 1320 415 1361 II.
449 1320 483 1360 1.
514 1319 594 1360 30:
627 1317 764 1357 «Vina
789 1316 907 1357 diem
939 1314 1184 1356 celebrent»
1218 1317 1260 1355 et
1284 1312 1392 1354 Hor.
1421 1311 1561 1354 Garm.
1589 1311 1667 1352 III.
1697 1312 1765 1360 21,

279 1397 465 1438 21—24.
506 1394 558 1435 de
598 1393 824 1435 convivio:
859 1392 940 1432 «Te
978 1391 1111 1432 Liber
1152 1393 1194 1432 et
1236 1391 1273 1431 si
1313 1390 1413 1431 laeta
1455 1388 1595 1430 aderit
1618 1388 1769 1430 Venus

280 1473 533 1527 Segnesque
572 1471 740 1512 nodum
781 1469 948 1510 solvere
988 1467 1150 1509 Gratiae
1177 1467 1384 1520 Vivaeque
1422 1465 1666 1520 producent
1702 1466 1768 1506 lu-

280 1563 432 1598 cernae,
460 1548 578 1589 Dum
604 1547 778 1588 rediens
818 1547 941 1598 fugat
979 1548 1099 1587 astra
1123 1544 1355 1586 Phoebus».
1384 1568 1442 1571 —
1468 1542 1655 1586 trahant
1681 1576 1688 1583 .
1719 1575 1728 1584 .
1758 1576 1766 1584 .

279 1624 501 1678 convivia,
540 1624 704 1664 ducant
721 1636 730 1671 ;
771 1622 822 1663 cf.
853 1621 950 1662 adn.
986 1634 1119 1674 supra
1147 1619 1202 1660 ad
1226 1620 1259 1661 Ι.
1289 1621 1328 1667 4,
1358 1620 1408 1661 5:
1443 1619 1695 1673 «producis»
1728 1621 1772 1660 et

279 1703 311 1744 Ι.
341 1704 379 1744 9.
411 1703 490 1742 61ε
525 1699 750 1741 «convivia
791 1698 972 1739 ducere»
1018 1699 1061 1737 et
1097 1696 1223 1750 Verg.
1263 1696 1369 1737 Aen.
1409 1696 1442 1737 I.
1484 1696 1592 1737 748:
1626 1696 1771 1737 «vario

279 1781 454 1820 noctem
482 1789 685 1818 sermone
710 1775 955 1816 trahebat».
984 1799 1041 1801 ——
1068 1771 1238 1816 Samiae
1265 1807 1272 1815 .
1305 1806 1313 1814 .
1342 1807 1349 1814 .
1380 1773 1512 1826 testoe,
1536 1785 1643 1813 vasa
1661 1771 1770 1813 ficti-

279 1855 351 1903 lia,
381 1854 538 1908 quibus
563 1853 630 1894 uti
656 1853 703 1893 in
730 1851 943 1893 conviviis
972 1850 1270 1903 simplicitatis
1290 1851 1356 1890 est
1372 1851 1448 1890 aut
1473 1848 1772 1902 paupertatis;

281 1933 332 1973 cf.
360 1931 498 1972 Lucil.
527 1930 553 1971 1.
583 1929 701 1970 XIII.
729 1942 790 1970 vs.
820 1930 857 1969 5.
888 1927 968 1979 (ed.
1002 1927 1230 1978 Mueller):
1266 1926 1343 1967 «Et
1369 1939 1460 1966 non
1500 1938 1669 1978 pauper
1705 1925 1771 1966 uti

283 2007 430 2050 Samio
459 2008 667 2059 curtoque
694 2004 868 2045 catino»
902 2005 944 2044 et
969 2003 1096 2044 Rhet.
1127 2002 1180 2043 ad
1198 2002 1393 2043 Herenn.
1412 2001 1483 2043 IV.
1504 2003 1555 2043 51
1576 2017 1584 2042 :
1607 2000 1772 2043 «Aedes

282 2082 569 2126 commodavi.
604 2082 821 2123 familiam
847 2081 959 2129 dedi,
989 2083 1222 2134 argentum
1241 2093 1412 2134 quoque
1429 2080 1556 2120 vult?
1580 2078 1774 2120 Tametsi

282 2160 482 2212 hospites
521 2158 675 2207 habeo,
712 2162 862 2199 tamen
900 2159 1051 2198 utatur
1087 2157 1203 2207 licet,
1230 2170 1313 2197 nos
1340 2155 1500 2197 Samiis
1538 2149 1772 2196 delectabi-

282 2250 423 2277 mur».
463 2234 528 2275 De
569 2233 728 2275 Samiis
766 2234 884 2274 vasis
918 2233 1029 2274 Plin.
1070 2233 1118 2274 N.
1159 2232 1213 2274 H.
1254 2231 1426 2273 XXXV.
1471 2233 1575 2273 160:
1609 2230 1776 2272 «Maior
1840 2263 1847 2269 .

281 2326 385 2367 pars
424 2312 657 2352 hominum
695 2311 883 2351 terrenis
922 2311 1062 2351 utitur
1087 2310 1218 2351 vasis.
1247 2308 1397 2351 Samia
1435 2309 1688 2350 etiamnunc
1726 2308 1774 2348 in

285 2386 521 2430 esculentis
552 2387 832 2428 laudantur».
862 2412 919 2414 ——
946 2386 1162 2442 Fictaque
1191 2384 1402 2428 Cumana
1440 2384 1616 2427 lubrica
1653 2386 1775 2427 terra

283 2467 400 2518 rota,
427 2464 478 2504 de
517 2464 634 2504 vasis
674 2463 912 2517 Campanis
950 2463 1158 2505 fictilibus
1198 2464 1249 2503 cf.
1289 2462 1400 2503 Plin.
1440 2461 1488 2502 N.
1517 2461 1571 2502 H.
1599 2460 1770 2501 XXXV.

290 2543 392 2584 164:
418 2541 478 2581 «N
482 2540 744 2581 obilitantur
761 2540 830 2581 his
848 2553 1021 2592 quoque
1041 2539 1217 2593 oppida,
1235 2541 1285 2579 ut
1301 2538 1519 2591 Rhegium
1538 2539 1580 2578 et
1597 2535 1767 2578 Cumae»

286 2621 329 2659 et
353 2618 460 2658 Hor.
491 2615 579 2658 Sat.
620 2616 651 2657 I.
683 2618 720 2664 6,
754 2616 860 2656 118;
895 2629 1018 2655 «cum
1058 2619 1211 2668 patera
1249 2618 1400 2668 guttus
1439 2613 1664 2666 Campana
1703 2626 1772 2654 su-

285 2696 451 2749 pellex»
484 2696 526 2735 et
552 2693 658 2736 Stat.
689 2691 791 2734 Silv.
820 2692 890 2733 IV.
921 2693 960 2740 9,
988 2693 1069 2733 43:
1105 2691 1328 2732 «Cumano
1366 2690 1543 2742 patinas
1580 2689 1627 2729 in
1668 2688 1772 2729 orbe
