1988 3138
681 729 1163 788 MARATHUS.

901 958 935 1000 I.

236 1047 332 1091 «Sic
357 1049 571 1091 umbrosa
595 1047 675 1090 tibi
704 1048 969 1101 contingant
994 1049 1123 1095 tecta,
1151 1046 1323 1101 Priape,

289 1126 354 1167 Ne
380 1126 516 1180 capiti
543 1125 675 1170 soles.
703 1138 762 1166 ne
787 1128 1067 1179 noceantque
1094 1125 1244 1166 nives:

230 1203 335 1256 Quae
362 1205 441 1245 tua
467 1204 688 1245 formosos
715 1203 834 1256 cepit
859 1202 1093 1244 sollertia?
1118 1200 1246 1244 Certe

289 1281 389 1322 Non
414 1281 497 1323 tibi
522 1281 662 1322 barba
687 1280 814 1326 m‘tet.
842 1293 936 1321 non
962 1279 1042 1321 tibi
1071 1280 1191 1321 culta
1216 1292 1344 1321 coma
1370 1282 1450 1328 est,

227 1357 382 1400 Nudus
409 1361 454 1400 et
479 1358 677 1400 hibernae
703 1357 912 1412 producis
939 1358 1106 1411 frigora
1130 1357 1314 1407 brumae,

288 1434 444 1477 Nudus
471 1438 514 1476 et
539 1435 678 1477 aestivi
709 1437 912 1489 tempora
938 1435 1055 1476 sicca
1081 1433 1256 1476 Canis.»

229 1512 300 1555 Sic
327 1526 434 1567 ego3
460 1514 557 1555 tum
583 1513 747 1555 Bacchi
773 1513 1005 1567 respondit
1030 1513 1196 1554 rustica
1223 1512 1372 1566 proles

196 1638 205 1641 (
286 1593 497 1635 Armatus
523 1605 657 1635 curva
684 1593 747 1635 sic
772 1593 884 1634 mihi
910 1592 1023 1634 falce
1051 1591 1185 1633 deus:

236 1667 296 1711 «O
322 1669 426 1724 fuge
450 1671 494 1711 te
522 1672 686 1712 tenerae
714 1683 955 1724 puerorum
982 1667 1159 1710 credere
1185 1668 1338 1711 turbae.

288 1746 402 1789 Nam
428 1761 608 1790 causam
641 1748 749 1790 iusti
776 1760 951 1801 semper
977 1748 1142 1789 amoris
1170 1747 1351 1788 habent.

229 1822 316 1864 Hic
341 1824 499 1878 placet,
530 1826 732 1879 angustis
760 1823 880 1878 quod
905 1837 1069 1878 equum
1097 1824 1340 1878 compescit
1366 1824 1582 1866 habenis:

289 1899 376 1942 Hic
401 1901 623 1955 placidam
651 1903 783 1944 niveo
810 1904 988 1956 pectore
1014 1901 1145 1955 pelh't
1170 1914 1359 1956 aquam:

230 1974 328 2025 Hie,
357 1979 463 2032 quja
490 1979 617 2021 fortis
644 1979 770 2022 adest
795 1978 995 2030 audacia,
1022 1980 1164 2034 cepit:
1192 1982 1238 2021 at
1263 1980 1330 2021 illi

290 2055 529 2110 Virgineus
556 2048 738 2098 teneras*
761 2060 848 2098 stat
872 2057 1018 2111 pudor
1043 2059 1146 2098 ante
1172 2069 1322 2110 genas.

233 2129 319 2174 Sed
344 2146 402 2174 ne
428 2138 473 2175 te
499 2134 691 2188 capiant,
718 2134 864 2187 primo
891 2134 926 2176 si
957 2135 1070 2175 forte
1096 2133 1291 2187 negabit,

291 2208 465 2252 Taedia:
492 2210 711 2264 paulatim
739 2210 820 2252 sub
846 2212 952 2264 iuga
976 2211 1092 2252 colla
1118 2210 1254 2252 dabit..

231 2285 389 2344 Longa
414 2288 510 2330 dies
539 2288 712 2329 homini
739 2288 889 2330 docuit
915 2302 1071 2343 parere
1098 2290 1266 2337 leones,

291 2364 448 2420 Longa
475 2366 568 2408 dies
595 2366 719 2408 molli
747 2379 854 2408 saxa
877 2367 1051 2420 peredit
1075 2381 1215 2422 aqua:

231 2442 390 2485 Annus
416 2444 464 2484 in
492 2443 654 2497 apricis
680 2445 874 2485 maturat
898 2443 1086 2485 collibus
1113 2457 1234 2488 uvaS.

291 2511 451 2562 Annus
479 2521 570 2574 agit
596 2523 717 2562 certa
741 2520 889 2563 lucida
915 2522 1045 2576 signa
1068 2523 1174 2565 vice.

231 2595 322 2639 Nec
346 2592 494 2639 iurar'e
521 2597 654 2639 time:
682 2597 869 2641 Veneris
893 2599 1088 2653 periuria
1113 2600 1234 2641 venti

291 2675 425 2717 Irrita
450 2690 530 2730 per
555 2679 695 2716 terras
722 2678 766 2718 et
791 2676 904 2718 freta
929 2690 1104 2719 summa
1131 2678 1291 2720 ferunt.

235 2751 390 2795 Gratia
415 2767 579 2806 magna
607 2752 726 2795 Iovi:
753 2755 893 2796 vetuit
917 2758 1044 2809 pater
1070 2755 1167 2809 ipse
1194 2756 1352 2805 valere,

1672 1059 1705 1092 1.
1719 1059 1753 1093 4.

1715 1767 1753 1790 10

1714 2154 1752 2178 15
