1942 3132
732 196 789 227 AD
807 197 840 227 1.
862 195 896 234 6,
921 194 966 226 43
988 195 1089 226 -46.
1599 183 1666 218 175

160 315 381 359 incestum
408 315 519 358 scire
545 317 726 359 coactus
751 316 887 356 erat».
908 338 963 342 —
982 312 1159 363 absitis,
1189 312 1433 367 alloquitur
1459 314 1664 356 homines

160 392 436 442 delicatulos,
465 393 542 447 qui
568 391 833 447 capillorum
859 391 985 432 cultu
1011 394 1055 433 et
1078 391 1267 433 vestitus
1293 384 1518 444 elegantia
1545 393 1664 433 favo-

161 456 255 513 rem
280 469 530 525 puellarum
557 469 642 511 sibi
667 467 921 510 conciliant.
939 491 999 496 ——
1022 467 1126 522 fluit
1152 467 1291 523 effuso
1318 467 1393 510 cui
1419 469 1526 525 toga
1554 469 1664 511 laxa

160 546 282 599 sinu,
306 549 458 600 togam
483 546 628 588 laxam
655 544 891 599 gestabant
918 545 1126 587 homines
1153 545 1462 599 elegantiores,
1482 548 1532 587 ut
1548 546 1665 587 infra

159 622 215 665 Π.
246 624 283 673 3,
319 623 389 665 78.
417 622 471 664 de
508 621 665 667 eadem
702 635 774 663 re:
808 619 906 662 «Me
943 621 1170 671 miserum,
1212 621 1359 662 laxam
1398 620 1504 675 quid
1541 621 1664 663 iuvat

160 712 258 742 esse
273 703 424 755 togam
435 702 479 741 ⁶?-
499 713 510 748 ;
537 699 590 740 cf.
610 697 718 740 Hor.
737 697 876 752 Epod.
904 699 946 749 4,
977 698 1123 740 7-8:
1156 710 1353 740 «sacram
1379 698 1595 740 metiente
1620 702 1664 739 te

158 777 279 819 viam
305 776 417 820 Cum
441 776 511 818 bis
535 777 673 818 trium
699 775 911 818 ulnarum
936 779 1065 830 toga»
1089 778 1133 817 et
1158 775 1235 817 Ov.
1264 775 1388 818 Rem.
1418 776 1531 818 680:
1551 776 1666 817 «Nec

158 858 265 909 toga
289 855 348 897 sit
371 855 471 897 laxo
497 853 816 909 conspicienda
841 854 986 896 sinu».
1016 853 1182 896 Contra
1207 856 1312 908 toga
1339 856 1435 895 arta
1461 855 1558 895 erat
1578 855 1664 908 sig-

158 945 270 974 num
308 931 609 987 simplicitatis
648 934 691 973 et
728 930 984 981 modestiae3
1023 932 1075 972 cf.
1118 930 1228 973 Hor.
1256 931 1289 973 L
1324 931 1389 981 18,
1420 932 1501 974 30:
1535 932 1666 974 «Arta

158 1008 284 1051 decet
321 1022 482 1051 sanum
520 1009 729 1050 comitem
766 1011 895 1061 toga»
940 1012 983 1050 et
1020 1008 1125 1051 ibid.
1167 1009 1231 1058 19,
1266 1010 1343 1051 13:
1376 1009 1666 1064 «Exiguaeque

158 1090 273 1140 togae
311 1085 492 1128 simulet
528 1088 697 1127 textore
724 1084 982 1128 Catonem».
1010 1111 1067 1114 —
1093 1085 1209 1141 fluit,
1247 1086 1400 1131 undat.
1428 1089 1479 1128 ut
1503 1086 1664 1130 Catull.

160 1163 229 1210 64,
259 1163 342 1205 68:
374 1161 626 1204 «fluitantes
664 1163 878 1204 amictus»
910 1165 955 1204 et
979 1162 1105 1216 Verg.
1146 1163 1254 1204 Aen.
1295 1162 1328 1204 L
1371 1163 1481 1204 320:
1516 1165 1666 1206 «sinus

157 1238 392 1282 fluentes».
419 1264 477 1268 —
503 1239 647 1296 effuso
673 1274 681 1282 .
714 1273 723 1282 .
753 1274 762 1282 .
789 1240 910 1292 sinu,
936 1243 987 1282 ut
1025 1253 1163 1295 supra
1199 1240 1231 1282 Ι.
1273 1241 1309 1291 3,
1347 1241 1416 1283 38.
1445 1239 1499 1281 de
1529 1241 1665 1282 velo:

164 1317 391 1360 «Effusum
415 1319 561 1361 ventis
586 1318 924 1374 praebueratque
951 1320 1142 1362 sinum».
1169 1345 1227 1348 —
1245 1320 1463 1370 occurret,
1490 1319 1537 1360 in
1563 1319 1662 1368 viis,

157 1397 209 1436 ut
248 1409 383 1450 supra
419 1396 451 1438 I.
495 1398 533 1445 2,
576 1395 797 1440 33—342’
818 1397 1013 1439 «Parcite
1036 1397 1314 1447 luminibus,
1356 1410 1436 1439 seu
1476 1396 1546 1438 vir
1586 1411 1667 1439 seu

157 1472 327 1515 femina
350 1472 428 1515 fiat
454 1472 635 1516 Obvia».
664 1499 724 1503 -—
748 1487 806 1517 nc
825 1473 977 1530 possit
1003 1474 1177 1517 crimmz
1203 1472 1382 1524 habere,
1411 1475 1580 1518 crimen
1598 1479 1667 1518 est

135 1537 279 1593 'enim
315 1553 534 1606 temptare
570 1551 781 1606 puellam,
811 1565 957 1606 quam,
986 1555 1036 1594 ut
1075 1565 1127 1593 ex
1151 1566 1214 1594 vs.
1243 1553 1312 1594 51.
1343 1553 1499 1603 elucet,
1529 1554 1667 1595 Amor

158 1628 254 1682 ipse
279 1629 485 1671 custodit.
515 1654 571 1658 ——
599 1642 648 1671 se
673 1628 862 1678 occulat,
905 1643 957 1671 ex
993 1630 1251 1672 coniectura
1288 1630 1426 1679 Rabi3
1466 1630 1518 1672 cf.
1547 1630 1665 1671 infra

160 1704 262 1746 adn.
290 1706 384 1748 crit.
414 1705 470 1747 ad
496 1706 538 1748 h.
567 1706 595 1748 1.

217 1782 266 1825 V.
294 1778 486 1826 43-—-46.
514 1783 612 1839 ipse
653 1783 779 1836 deus,
819 1783 1022 1827 divinum
1064 1798 1233 1826 numen
1272 1785 1368 1825 sine
1407 1783 1664 1825 discrimine

159 1873 302 1908 sexus,
331 1862 382 1901 ut
416 1859 651 1902 docuimus
690 1873 825 1915 supra
862 1861 909 1902 in
949 1860 1048 1902 adn.
1089 1861 1145 1902 ad
1182 1861 1216 1903 I.
1245 1862 1283 1910 Ξ,
1312 1861 1395 1903 88;
1429 1874 1545 1902 «non
1584 1861 1664 1903 uni

160 1937 313 1979 saeviet
351 1949 493 1990 usque
534 1935 687 1978 deus».
735 1936 951 1991 Intellege
996 1937 1245 1986 Bellonam,
1294 1938 1421 1979 cujus
1467 1938 1666 1993 impulsu

161 2013 366 2055 sacerdos
406 2013 698 2063 vaticinatum
738 2015 791 2056 cf.
831 2014 951 2056 infra
974 2027 1038 2057 vs.
1065 2015 1150 2057 45:
1183 2014 1312 2056 «Haec
1350 2014 1427 2057 ubi
1463 2015 1663 2058 Bellonae

159 2093 286 2132 motu
311 2093 379 2132 est
404 2090 593 2144 agitata»
627 2094 670 2132 et
694 2103 757 2133 vs,
786 2092 870 2134 50:
893 2092 1039 2134 «canit
1055 2096 1253 2137 eventus.
1273 2105 1383 2146 quos
1401 2092 1484 2134 dea
1499 2106 1664 2146 magna

159 2170 355 2209 monet».
385 2193 439 2196 —
468 2179 641 2224 mayna
678 2167 904 2217 sacerdos,
947 2182 1005 2211 sc.
1034 2169 1242 2211 Bellonae.
1271 2194 1327 2198 ——
1354 2168 1525 2222 divino,
1564 2171 1662 2212 fati·

160 2243 271 2295 dico,
300 2248 351 2287 ut
374 2244 502 2298 Verg.
542 2245 651 2287 Aen.
692 2245 768 2288 ΙΙΙ.
811 2247 923 2288 373;
957 2247 1101 2289 «canit
1137 2246 1289 2289 divino
1330 2260 1382 2288 ex
1419 2260 1494 2288 ore
1522 2260 1662 2289 sacer-

160 2320 280 2363 dos..
311 2347 367 2350 —
386 2319 604 2370 BcHonae,
632 2322 715 2364 dea
741 2321 1044 2377 Cappadociae,
1074 2325 1257 2366 nomine
1284 2323 1358 2366 Mci
1385 2322 1543 2375 (Strab.
1565 2324 1661 2367 XII.

159 2399 288 2451 535.)‚
317 2412 449 2453 quam
474 2398 669 2441 Romani
695 2412 796 2441 cum
821 2399 1008 2442 Bellona
1034 2414 1115 2443 sua
1140 2401 1485 2443 confundebant.
1507 2401 1664 2444 Cultus

161 2477 256 2519 eius
295 2477 515 2519 fanaticus
554 2480 754 2531 tempore
792 2477 898 2520 belli
936 2478 1228 2521 Mithridatici
1261 2479 1450 2522 Romam
1489 2479 1663 2521 delatus

161 2557 239 2596 est.
268 2579 325 2583 —
351 2557 492 2605 motu,
540 2554 770 2603 instinctu,
818 2558 868 2596 ut
907 2554 985 2598 Ov.
1028 2555 1134 2598 Met.
1176 2556 1249 2599 VI.
1298 2558 1394 2599 158.
1436 2557 1490 2599 de
1536 2560 1661 2599 vate:

166 2629 341 2673 «divino
382 2631 557 2672 concita
598 2633 764 2672 motu».
795 2655 851 2659 —
878 2644 960 2674 nec
1001 2635 1044 2674 et
1086 2646 1148 2687 sq.
1176 2647 1238 2676 vs.
1279 2646 1374 2676 ‘non
1411 2648 1490 2689 pro
1531 2634 1661 2676 solito

161 2719 383 2763 non-nec,
423 2712 472 2750 ut
514 2709 639 2763 Prop.
682 2708 760 2751 III.
806 2711 846 2760 2,
894 2711 1091 2753 11—12:
1141 2709 1258 2754 «Nec
1299 2723 1400 2754 mea
1446 2709 1661 2754 Phaeacas
