1942 3132
750 215 807 244 u>
826 215 874 245 11.
899 213 931 252 5,
956 212 1056 243 67—
1066 212 1124 243 70.
1617 199 1693 235 285

193 332 464 387 Sibyllarum
488 332 591 375 libri
617 346 644 375 a
668 331 1030 387 quindecimviris
1057 330 1371 380 servabantur;
1398 332 1450 373 cf.
1478 331 1693 374 Varronis

193 410 326 453 verba
358 409 476 464 apud
501 410 702 452 Lactant.
728 408 826 451 Div.
853 408 962 451 Inst.
989 408 1022 451 L
1052 410 1091 459 6,
1123 410 1201 452 11:
1232 408 1485 460 ·(librorum
1512 406 1689 462 Sibylli-

195 488 373 538 norum)
411 498 625 528 numerus
671 485 730 527 sit
774 488 931 526 auctus
973 483 1195 539 Capitolio
1241 484 1450 533 refectos*
1482 485 1599 539 quod
1640 498 1693 527 ex

196 563 404 605 omnibus
441 561 694 605 civitatibus
720 565 764 605 et
793 562 962 604 Italicis
989 564 1033 604 et
1059 560 1224 604 Graecis
1249 561 1557 616 praecipueque
1583 562 1689 615 Ery-

194 642 344 683 thraeis
370 641 510 683 coacti
535 639 759 694 adlatique
787 642 893 682 sunt
917 639 1149 681 Romam».
1172 663 1231 668 ——-
1247 636 1508 693 Amalthea,
1532 639 1694 680 ultima

195 718 365 772 syllaba
404 717 552 772 longa,
595 719 646 759 ut
684 717 733 759 in
773 716 929 770 lingua
970 714 1124 758 Graeca
1166 717 1209 757 et
1235 714 1311 758 Ov.
1340 715 1459 757 Fast.
1488 715 1538 758 V.
1584 718 1692 758 115:

157 839 159 842 .
201 795 331 837 «Nais
354 795 601 844 Amalthea,
630 794 797 838 Cretaea
823 793 988 836 nobilis
1013 792 1134 843 Ida»,
1164 792 1239 834 ubi
1269 793 1414 846 agitur
1440 792 1492 834 de
1518 793 1693 834 nutrice

194 872 325 915 Iovis.
352 872 587 915 Amalthea
613 875 680 914 est
712 870 955 914 secundum
986 871 1231 914 Varronem
1271 868 1439 924 Sibylla
1465 870 1693 919 Cumana;

196 950 249 992 cf.
291 949 414 992 Varr.
457 948 576 1003 apud
614 948 815 991 Lactant.
840 947 955 990 ,Div.
998 948 1106 990 Inst,
1150 947 1182 989 L
1227 949 1267 997 6,
1315 948 1392 989 12:
1432 947 1694 1002 «septimam

196 1025 426 1080 (Sibyllam
464 1029 576 1078 esse)
601 1025 861 1074 Cumanam,
901 1025 1085 1067 nomine
1123 1024 1448 1066 Amaltheam».
1476 1049 1535 1052 —
1561 1022 1690 1066 Mar-

191 1103 336 1160 pesia,
383 1116 440 1145 sc.
488 1102 669 1157 Sibylla,
718 1102 963 1144 secundum
1004 1102 1251 1144 Varronem
1298 1099 1467 1155 Sibylla
1513 1103 1667 1143 octava
1682 1116 1696 1151 ς

196 1180 250 1222 cf.
278 1179 399 1222 Varr.
427 1181 546 1235 apud
584 1180 784 1222 Laotant.
812 1179 908 1221 Div.
938 1180 1047 1221 Inst.
1075 1179 1109 1221 Ι.
1139 1180 1179 1230 6,
1211 1180 1289 1221 12:
1323 1180 1549 1220 «octavam
1586 1178 1694 1220 Hel-

195 1255 465 1311 lespontiam
502 1258 551 1299 in
589 1271 695 1312 agro
734 1258 925 1300 Troiano
963 1260 1129 1306 natam,
1171 1256 1267 1298 vico
1307 1255 1538 1310 Marpesso
1579 1255 1697 1297 circa

197 1333 410 1389 oppidum
452 1333 747 1389 Gergithium‚
794 1348 927 1389 quam
975 1335 1139 1377 scribat
1177 1333 1438 1376 Heraclides
1483 1333 1698 1375 Ponticus

198 1409 375 1454 Solonis
414 1414 457 1454 et
482 1412 584 1467 Cyri
622 1413 759 1455 fuisse
796 1412 1113 1467 temporibus».
1143 1437 1201 1440 —
1230 1409 1490 1467 Herophilo,
1529 1423 1696 1452 nomen

198 1487 388 1543 Sibyllae,
436 1489 490 1531 de
536 1503 622 1544 qua
667 1489 856 1532 Pausan.
903 1490 957 1532 X.
1008 1491 1073 1539 12³,
1123 1491 1174 1532 2:
1215 1487 1242 1545 ἡ
1285 1489 1330 1531 δὲ
1373 1487 1579 1546 Ἡροφίλη
1605 1520 1615 1530 .
1646 1521 1656 1530 .
1685 1521 1697 1530 .

198 1569 385 1623 φαίνεται
411 1598 422 1608 .
451 1600 461 1609 .
490 1599 500 1609 .
524 1571 602 1624 πρὸ
627 1574 697 1610 τοῦ
721 1568 903 1624 πολέμου
936 1573 1124 1621 γεγονυῖα
1162 1568 1234 1609 καὶ
1271 1563 1374 1623 αὕτη
1414 1571 1483 1607 τοῦ
1509 1564 1700 1621 Τρωικοῦ

198 1645 270 1686 καὶ
296 1642 465 1701 Ἑλένην
501 1659 543 1687 τε
579 1645 866 1702 προεδήλωσεν
906 1643 948 1686 ἐν
986 1649 1069 1691 τοῖς
1108 1650 1315 1701 χρησμοῖς
1343 1641 1399 1690 ὡς
1439 1642 1499 1685 ἐπ’
1533 1641 1699 1698 ὀλέθρῳ

200 1727 270 1778 τῆς
296 1719 439 1769 Ἀσίας
477 1724 548 1764 καὶ
574 1720 774 1780 Εὐρώπης
812 1725 1065 1779 τραφήσοιτο
1093 1720 1134 1763 ἐν
1161 1719 1326 1776 Σπάρτῃ
1364 1722 1435 1762 καὶ
1474 1718 1530 1767 ὡς
1569 1717 1700 1761 Ἴλιον

202 1796 407 1840 ἁλώσεται
445 1799 496 1840 δι’
537 1797 660 1856 αὐτὴν
700 1796 773 1842 ὑπὸ
801 1797 1025 1856 Ἑλλήνων.
1065 1797 1176 1839 Eam
1204 1799 1247 1839 et
1282 1797 1494 1851 Marpesii
1522 1799 1565 1839 et
1589 1796 1699 1850 Ery-

199 1876 329 1917 thraei
366 1875 458 1917 sibi·
489 1875 775 1918 vindicabam
812 1878 924 1917 teste
963 1875 1151 1916 Pausan.
1179 1874 1231 1915 X.
1264 1875 1330 1922 12,
1359 1875 1398 1915 4.
1426 1876 1471 1915 et
1497 1874 1564 1923 7.;
1590 1873 1698 1927 Ery-

201 1953 386 1995 thraeam
425 1954 562 1995 fuisse
600 1966 698 1995 eam
736 1953 890 1994 dicunt
915 1952 1134 2006 Anonym.
1162 1951 1216 1993 de
1254 1950 1406 2005 Sibyll.
1448 1951 1531 1999 34„
1558 1949 1701 1991 Varro

203 2029 319 2084 apud
359 2030 558 2072 Lactant.
601 2030 698 2072 Div.
741 2030 849 2072 Inst.
892 2029 925 2071 Ι.
969 2030 1008 2080 6,
1052 2030 1103 2071 9;
1143 2028 1368 2083 «quintam
1407 2026 1700 2081 Erythraeam,

202 2121 335 2162 quam
360 2106 658 2161 Apollodorus
691 2106 950 2161 Erythraeus
989 2105 1191 2149 adfirmet
1229 2119 1356 2148 suam
1394 2106 1531 2147 fuisse
1556 2104 1698 2146 civem

203 2198 386 2240 eamque
426 2183 555 2226 Grais
592 2184 726 2226 Ilium
763 2183 1019 2238 petentibus
1046 2183 1334 2225 vaticinatam
1373 2189 1417 2224 et
1453 2182 1699 2236 perituram

203 2275 299 2304 esse
325 2262 501 2304 Troiam
527 2264 571 2303 et
595 2261 843 2303 Homerum
875 2260 1108 2303 mendacia
1147 2261 1440 2314 scripturum»
1473 2263 1516 2301 et
1541 2258 1697 2301 Isidor.

201 2339 374 2394 Hispal.
404 2338 522 2393 Orig.
548 2338 664 2381 VIII.
694 2339 733 2388 8,
762 2340 815 2380 4:
848 2338 1028 2393 «quinta
1065 2338 1297 2392 Erythraea
1335 2338 1519 2379 nomine
1557 2336 1699 2378 Hero·

201 2417 368 2471 phila».
396 2415 460 2459 Cf.
502 2416 637 2458 etiam
677 2415 877 2458 Lactant.
919 2415 1015 2458 Div.
1057 2415 1167 2458 Inst.
1206 2415 1240 2457 Ι.
1281 2416 1322 2465 6,
1365 2415 1444 2457 14:
1477 2412 1703 2467 «(Sibylla)

201 2493 441 2548 Erythraea,
469 2506 564 2547 quae
590 2492 806 2534 celebrior
840 2492 958 2534 inter
997 2495 1165 2534 ceteras
1192 2505 1242 2533 ac
1266 2490 1461 2533 nobilior
1498 2490 1700 2538 habetur,

203 2571 241 2613 si
281 2570 459 2626 quidem
504 2570 769 2620 Fenestella,
813 2569 1182 2625 diligentissimus
1228 2570 1428 2623 scriptor,
1472 2569 1525 2610 de
1572 2569 1698 2622 quin-

263 2735 284 2757 *
310 2734 547 2781 Capitolium
586 2733 814 2779 deflagravit
840 2744 874 2770 a.
899 2733 969 2777 83„
995 2734 1220 2769 restitutum
1260 2735 1317 2768 est
1344 2744 1376 2767 a.
1405 2733 1461 2767 76.
1487 2743 1521 2767 a.
1547 2731 1636 2766 Chr.
1662 2742 1703 2768 n.
