1942 3132
0 2498 19 2549 t

765 205 983 239 Romu!
1002 205 1064 236 lx.
1592 192 1660 228 337

167 328 438 371 luxuriosam
463 334 564 380 (vss.
595 326 664 368 27.
692 326 813 381 sqq.),
843 337 1019 379 semper
1043 323 1235 378 plurima
1269 325 1549 378 promittenti
1587 324 1661 367 de·

166 407 305 449 ditum
331 411 407 458 (vs.
441 406 540 457 39),
567 402 723 447 lectori
749 406 904 446 notam
930 402 1061 452 facit3
1088 403 1136 444 in
1162 403 1320 444 ceteris
1346 402 1434 443 iam
1458 401 1662 444 carmini-

168 486 248 527 bus
274 484 343 536 (II.
372 488 411 525 6.
440 486 484 525 et
511 484 569 534 3.)
598 481 652 525 de
677 496 741 531 ea,
780 484 832 523 ut
868 483 988 528 nota,
1031 480 1240 535 loquitur.
1281 480 1480 522 Nemesis
1518 479 1661 521 adhuc

166 561 306 603 libera
331 563 399 602 est
435 562 654 614 poetaque
684 558 849 614 quovis
886 557 1019 600 modo
1058 557 1237 599 divitias
1274 570 1430 611 parare
1467 557 1575 606 vult,
1613 559 1664 597 ut

166 639 368 680 animum
393 650 535 679 avarae
561 635 645 678 sibi
671 634 878 677 conciliet
901 635 1000 687 (vss.
1031 635 1262 685 21—22.):

327 749 380 787 At
407 747 513 787 mihi
540 760 616 798 per
643 746 794 787 coedem
823 747 863 784 et
891 745 1052 785 facinus
1080 747 1177 784 sunt
1204 744 1314 784 dona
1343 743 1536 794 paranda,

379 818 439 858 Ne
468 818 624 858 iaceam
653 817 832 857 clausam
861 814 1009 856 flebilis
1039 817 1133 855 ante
1162 815 1341 855 domum.

227 945 440 997 Quartam
466 944 665 998 sequitur
689 944 835 986 sexta.
862 942 1045 985 Poetam
1085 955 1186 995 spes
1223 941 1425 986 nondum
1463 941 1665 983 destituit

165 1032 243 1073 (vs.
274 1022 360 1074 27.)
386 1024 431 1063 et
455 1021 666 1063 Nemesin
690 1034 773 1076 per
795 1019 954 1063 Manes
980 1021 1143 1063 sororis
1168 1035 1315 1077 parvae
1341 1022 1478 1073 rogat,
1507 1021 1555 1061 ut
1582 1019 1663 1061 sibi

166 1099 341 1155 placida
368 1099 426 1141 sit
451 1101 551 1152 (ves,
581 1100 812 1151 29—40.):

326 1205 466 1252 Parce,
495 1217 569 1256 per
595 1205 818 1244 immatura·
847 1205 927 1242 tuae
956 1215 1100 1254 precor
1128 1215 1220 1242 ossa
1249 1203 1423 1242 sororis:

380 1275 447 1316 Sic
474 1276 578 1315 bene
608 1275 682 1314 sub
710 1276 854 1314 tenera
882 1287 1009 1325 parva
1040 1275 1223 1324 quiescat
1251 1275 1389 1313 humo.

326 1347 403 1386 Illa
428 1346 535 1386 mihi
565 1348 708 1386 sancta
736 1348 810 1392 est,
839 1347 950 1385 illius
980 1346 1090 1386 dona.
1118 1347 1305 1397 sepulcro

377 1418 431 1458 Et
457 1418 689 1458 madefacta
716 1419 820 1457 meis
849 1419 958 1456 serta
985 1417 1115 1457 feram
1143 1418 1337 1457 lacrimis,

324 1489 442 1529 Illius
471 1490 523 1529 ad
551 1490 758 1529 tumulum
786 1489 942 1540 fugiam
971 1489 1222 1540 supplexque
1251 1488 1399 1529 sedebo

377 1560 431 1600 Et
458 1573 551 1599 meu
579 1573 673 1599 cum
700 1562 816 1599 muto
845 1560 930 1599 fata
960 1573 1107 1610 querar
1135 1561 1283 1599 cinere.

325 1631 419 1670 Non
447 1630 550 1669 feret
577 1643 704 1680 usque
733 1643 858 1670 suum
887 1633 926 1669 te
954 1633 1125 1681 propter
1153 1629 1248 1669 flere
1278 1631 1467 1670 clientem
1487 1645 1498 1670 .·

379 1700 494 1739 Illius
522 1702 568 1738 ut
594 1699 741 1746 verbis,
772 1701 827 1738 sis
856 1700 962 1739 mihi
990 1702 1103 1739 lenta.
1131 1703 1236 1747 veto,

327 1771 385 1810 Ne
413 1770 490 1810 tibi
519 1771 695 1820 neglecti
721 1771 891 1810 mittant
918 1774 1026 1810 mala
1056 1771 1217 1811 somnia
1245 1772 1390 1811 Manes

378 1841 602 1893 Maestaque
632 1842 775 1891 sopitae
805 1843 887 1881 stet
915 1855 1031 1881 soror
1060 1844 1155 1881 ante
1184 1844 1333 1889 torum,

326 1912 467 1960 Qualis
495 1912 546 1951 ab
574 1912 733 1952 excelsa
762 1925 941 1963 praeceps
970 1913 1136 1963 delapsa
1164 1912 1342 1952 fenestra

379 1983 504 2023 Venit
533 1983 584 2023 ad
611 1984 798 2024 infernos
828 1985 1147 2034 sanguinolenta
1175 1984 1297 2023 lacus.

165 2098 229 2139 Ex
254 2111 319 2143 eo.
348 2097 467 2152 quod
493 2111 540 2140 se
565 2099 715 2140 tutelae
746 2098 950 2141 Manium
988 2099 1147 2154 puellae
1183 2112 1330 2153 parvae
1369 2098 1663 2150 commendat,

167 2173 311 2217 elucet
335 2187 534 2217 sororem
560 2175 763 2218 Nemesis
788 2176 907 2219 bona
932 2190 1036 2231 erga
1059 2180 1239 2231 poetam
1265 2176 1495 2218 voluntate
1529 2175 1664 2217 fuisse

165 2264 431 2306 causamque
458 2252 555 2294 eius
581 2252 700 2307 apud
721 2253 944 2302 Nemesin,
968 2253 1075 2296 dum
1095 2253 1275 2301 viveret,
1301 2254 1455 2307 egisse.
1480 2253 1665 2295 Duravit

166 2327 300 2382 igitur
335 2329 426 2371 iam
465 2328 634 2372 diutius
674 2330 837 2372 Tibulli
878 2344 979 2372 cum
1020 2331 1199 2373 Nemesi
1240 2331 1535 2373 necessitudo.
1579 2329 1663 2373 Sed

165 2405 287 2446 venit
312 2405 414 2448 lena
441 2405 656 2460 improba,
685 2420 782 2461 quae
808 2406 986 2449 Nemesi
1011 2407 1148 2449 alium
1172 2410 1417 2450 amatorem
1440 2419 1662 2448 commen-

165 2482 287 2524 davit
311 2487 574 2538 poetsmque
603 2483 656 2526 ab
685 2497 737 2526 ea
761 2497 910 2527 arcere
938 2485 1109 2527 studuit
1134 2488 1233 2538 (vss.
1263 2486 1495 2536 49—50.):

324 2576 441 2615 Lens
469 2579 590 2616 necat
617 2578 815 2617 miserum
844 2578 1010 2630 Phryne
1039 2579 1262 2630 furtimque
1291 2579 1462 2618 tabellas

379 2646 546 2687 Occulto
574 2650 746 2698 portans
775 2649 888 2699 itque
916 2649 1104 2700 reditque
1133 2651 1251 2689 sinu:

325 2718 456 2769 Saepe,
485 2731 560 2769 ego
577 2731 682 2759 ¹cum
710 2720 888 2760 dominae
916 2720 1056 2760 dulces
1083 2734 1108 2760 a
1135 2722 1280 2760 limine
1309 2721 1410 2760 duro

236 2807 411 2844 Ne'memu:
430 2810 513 2837 Aaou·
535 2809 654 2837 ribaus·
675 2810 838 2838 carmem.
1472 2799 1517 2832 :22
