1942 3132
293 199 366 234 294
407 239 416 248 ,
829 216 885 244 AD
905 217 953 246 11.
977 215 1010 253 5,
1037 215 1248 245 113—118.

353 331 401 373 V,
434 333 677 375 113—118.
720 331 874 376 divum
912 335 1060 376 servat
1102 333 1242 376 tutela
1276 336 1454 389 poetas,
1494 336 1546 376 cf.
1573 335 1710 388 Lygd.
1736 337 1776 386 4,

293 410 492 451 43—44:
527 408 691 458 «Salve,
710 422 814 450 cura
839 409 995 451 deum:
1024 412 1142 451 casto
1169 423 1274 451 nam
1299 410 1382 451 rite
1407 413 1547 464 poetae
1569 411 1778 454 Phoebus-

294 498 377 539 que
404 488 448 546 et
470 485 669 527 Bacchus
706 486 986 541 Pieridesque
1023 488 1196 528 favent»
1228 489 1271 528 et
1297 486 1373 529 Ov.
1400 487 1496 529 Am.
1522 487 1600 529 ΙΠ.
1629 489 1680 538 9,’
1699 489 1778 530 17:

299 561 378 602 «At
395 562 515 603 sacri
540 563 662 604 vates
689 565 732 604 et
756 562 906 605 divum
932 577 1035 605 cura
1060 577 1310 605 vocamur».
1328 589 1387 592 —-
1402 564 1496 607 vati
1523 598 1530 606 .
1562 598 1570 606 .
1596 598 1603 606 .
1634 575 1780 620 sacro,

288 636 431 691 poetae
458 639 572 679 sacri
596 642 821 690 vocantur,
848 640 950 695 quia
975 642 1022 682 in
1053 641 1193 682 tutela
1220 641 1404 682 deorum
1441 644 1569 690 sunt;
1596 642 1648 683 cf.
1677 641 1778 685 adn.

293 728 427 768 supra
452 715 507 756 ad
532 715 566 757 I.
594 717 633 765 2,
667 717 747 758 27:
781 730 1053 770 «sacerque»,
1083 716 1159 758 Ov.
1186 716 1215 758 l.
1241 717 1270 758 l.
1311 719 1354 758 et
1384 716 1493 759 Hor.
1532 717 1672 760 Carm.
1689 718 1778 778 21V.

293 792 331 841 9,
353 793 441 834 228:
471 795 648 834 «carent
683 793 786 846 quia
822 798 922 835 vate
960 807 1125 843 sacro»;
1165 793 1252 835 Cic.
1289 807 1370 847 pro
1395 794 1524 836 Arch.
1561 795 1645 837 185
1674 807 1778 836 «suo

290 866 386 907 iure
411 869 565 907 noster
587 866 663 908 ille
689 866 862 909 Ennius
888 866 1063 909 sanctos
1090 866 1285 921 appellat
1314 869 1490 920 poetas„
1510 865 1627 920 quod
1651 866 1778 919 quasi

290 942 474 985 deorum
500 943 790 998 aliquodono
817 947 946 999 atque
977 957 1162 985 munere
1192 943 1490 985 commendati
1525 943 1655 984 nobis
1681 956 1778 993 esse

287 1020 563 1063 videantur».
591 1046 649 1049 —
682 1018 737 1063 Ut
776 1019 1079 1064 Messalinum
1119 1019 1335 1062 celebrem
1376 1022 1469 1069 etc„
1513 1023 1562 1061 ut
1600 1019 1680 1061 ,Ov.
1712 1020 1778 1062 Ex

290 1098 416 1140 Pont.
443 1098 500 1141 Π.
530 1101 566 1148 1,
595 1098 781 1142 63—64.
810 1097 862 1139 de
899 1097 1125 1151 triumpho
1165 1095 1443 1138 Germanici:
1478 1097 1634 1138 «Hunc
1671 1081 1777 1151 quo-

291 1188 373 1229 que
392 1176 659 1218 carminibus
677 1178 863 1218 referam
886 1178 1071 1218 fortasse
1088 1177 1378 1230 triumphum,
1398 1176 1596 1219 Sufficiat
1612 1178 1777 1219 nostris

291 1253 327 1294 si
368 1252 499 1294 modo
525 1253 615 1295 vita
654 1253 827 1294 malis».
854 1277 912 1281 *n
938 1251 1055 1296 Ante
1096 1266 1203 1296 suos
1245 1266 1408 1296 currus
1451 1252 1620 1309 oppida
1658 1253 1779 1296 victa

287 1328 414 1384 feret,
437 1329 487 1370 in
512 1330 750 1384 triumpho,
790 1331 866 1372 ubi
904 1331 1139 1372 simulacra
1176 1330 1452 1384 oppidorum,
1485 1331 1708 1372 montium
1735 1333 1779 1372 et

288 1405 526 1447 fluviorum
567 1409 692 1448 terrae
733 1408 909 1449 hostilis
950 1409 1112 1461 partim
1151 1409 1199 1449 in
1238 1408 1401 1450 tabulis
1442 1409 1570 1462 picta,
1613 1409 1777 1462 partim

290 1484 446 1525 statuis
472 1485 783 1537 repraesentata
819 1485 1002 1537 produci
1041 1485 1267 1534 solebant3
1295 1486 1347 1526 cf.
1376 1484 1453 1527 Ov.
1481 1485 1607 1526 Trist.
1633 1484 1706 1526 IV.
1734 1486 1775 1534 2,

292 1560 487 1601 197÷20=
522 1559 660 1612 «Ergo
687 1560 833 1601 omnis
869 1561 1061 1614 populus
1098 1562 1262 1615 poterit
1301 1563 1497 1615 spectare
1521 1562 1776 1616 triumphos

288 1634 484 1689 Cumque
511 1636 673 1678 ducum
710 1638 853 1678 titulis
880 1637 1040 1691 oppida
1074 1641 1201 1691 capta
1237 1639 1376 1691 leget»
1409 1641 1452 1680 et
1476 1639 1540 1679 Ex
1557 1639 1691 1685 -Pont.
1716 1639 1774 1681 II.

292 1714 328 1763 1,
358 1714 552 1757 37—-382
577 1715 818 1757 «Protinus
860 1717 1041 1768 argento
1067 1728 1196 1756 veros
1223 1715 1455 1757 ‘imitantia
1492 1729 1644 1757 muros
1668 1715 1774 1757 Bar—

287 1789 392 1830 bara
433 1803 532 1830 cum
577 1791 707 1844 pictis
748 1791 910 1845 oppida
954 1791 1044 1832 lata
1085 1792 1232 1833 viris».
1274 1791 1477 1834 Ceterum
1517 1792 1776 1835 vaticinium

277 1869 426 1920 -poetae
453 1870 608 1920 postea
636 1869 805 1917 evenit;
835 1869 886 1909 cf.
913 1868 1022 1910 Vell.
1049 1868 1140 1910 Pat.
1168 1868 1350 1917 11.⁷112‚
1380 1870 1431 1910 2:
1456 1868 1776 1921 «(Messa]inus)

286 1943 549 1996 praepositus
574 1944 762 1997 Illyrico,
793 1946 938 1987 subita
955 1946 1196 1988 rebellione
1213 1959 1313 1987 cum
1331 1945 1575 1999 semiplena
1600 1946 1774 1999 legione

286 2020 494 2062 vicesima
520 2021 815 2063 circumdatus
840 2023 995 2064 hostili
1022 2023 1225 2073 exercitu,
1253 2023 1444 2076 amplius
1466 2022 1624 2075 viginti
1649 2022 1776 2063 milia

287 2098 483 2138 hostium
510 2097 624 2138 fudit
641 2098 908 2151 fugavitque,
927 2101 970 2140 et
987 2098 1041 2140 ob
1067 2098 1112 2139 id
1130 2099 1403 2141 ornamentis
1428 2098 1774 2151 triumphalibus

286 2175 530 2216 honoratus
550 2177 657 2216 est».
673 2200 731 2203 —-
745 2188 921 2230 currus,
942 2177 1150 2229 intellege
1169 2186 1344 2224 currum
1370 2175 1700 2229 triumphalem.
1715 2199 1774 2204 —

285 2251 384 2306 Ipse
415 2264 572 2308 gerens
611 2253 784 2307 lauros,
809 2254 1113 2307 triumphales,
1142 2255 1191 2294 ut
1218 2266 1350 2306 supra
1375 2253 1408 2294 I.
1438 2254 1475 2302 7,
1507 2254 1530 2294 7
1549 2269 1558 2294 ε
1591 2254 1658 2293 «te
1683 2253 1770 2303 viq-

285 2330 415 2371 trices
453 2329 615 2379 lauros,
654 2329 875 2380 Messalla,
915 2333 1182 2383 gerentem».
1216 2355 1275 2358 ——
1314 2329 1445 2373 lauro
1473 2363 1480 2371 .
1512 2364 1520 2371 .
1550 2364 1558 2371 .
1589 2329 1774 2385 agresti,

284 2407 388 2456 fera,
428 2408 478 2447 ut
515 2406 640 2459 Verg.
680 2407 787 2448 Aen.
814 2406 907 2448 VII.
951 2407 1046 2448 111.
1088 2408 1131 2450 et
1171 2406 1267 2447 Tac.
1313 2404 1460 2447 Germ.
1502 2406 1582 2447 23:
1616 2418 1774 2459 «poma

273 2483 499 2536 agrestia»
544 2484 572 2524 1.
614 2497 649 2524 e.
692 2497 786 2537 quae
833 2497 925 2525 non
970 2484 1017 2524 in
1063 2483 1204 2524 hortis
1245 2484 1501 2525 nascuntur.
1527 2507 1586 2510 —
1610 2482 1655 2524 io
1683 2515 1691 2523 .
1721 2515 1729 2523 .
1759 2515 1768 2523 .

286 2558 528 2614 triumphe,
574 2559 802 2601 sollemnis
849 2559 1121 2610 exclamatio,
1167 2561 1217 2600 ut
1261 2558 1368 2601 Hor.
1423 2557 1564 2600 Carm.
1617 2557 1690 2607 IV.
1711 2558 1767 2607 ⁷2,

274 2638 484 2679 49-50:
518 2637 689 2690 «Tuque
728 2636 832 2678 dum
869 2636 1092 2689 procedis:
1131 2636 1176 2677 io
1212 2635 1453 2689 triumphe,
1495 2635 1593 2676 Non
1633 2634 1770 2696 semel

285 2714 505 2755 dicemus:
533 2714 576 2755 io
602 2713 868 2767 triumphe».
1669 2720 1671 2722 ’
