1942 3132
285 213 351 247 128
866 226 923 255 An
944 228 975 256 1.
1002 226 1032 264 1,
1059 225 1202 256 7-10.

282 344 331 385 in
367 342 464 385 Div.
492 342 615 384 Verr.
661 342 726 384 17.
770 346 813 384 et
853 342 975 386 Serv.
1017 343 1072 384 ad
1109 343 1218 384 Aen.
1246 342 1341 385 VII.
1385 345 1498 386 637:
1532 336 1792 385 «classicum

283 420 473 461 dicimus
500 421 544 460 et
569 418 725 460 tubam
763 419 911 473 ipsam
950 422 995 461 et
1032 432 1207 461 sonum.
1251 419 1499 462 Classicum
1538 421 1687 461 autem
1726 422 1793 461 est

281 496 443 539 flexilis
469 497 602 539 tuba»
638 497 666 538 i.
698 510 736 538 e.
766 510 950 539 cornu».
978 522 1037 526 ——
1056 496 1213 552 pulsa,
1252 498 1432 551 proprie
1459 496 1622 538 dicitur
1647 496 1700 538 de
1725 497 1790 538 in-

286 574 559 624 strumentis,
588 587 684 627 quae
711 573 889 615 chordis
915 574 1133 616 instructa
1161 575 1265 614 sunt
1283 575 1325 614 et
1341 573 1510 627 plectro
1538 575 1616 614 aut
1641 572 1793 626 digitis

284 651 548 704 pulsantum
587 651 672 691 hoc
708 649 808 692 loco
846 650 1117 691 translatum
1157 649 1213 690 ad
1250 649 1566 699 instrumenta,
1593 662 1689 703 quae
1725 649 1795 691 in-

285 727 463 776 flantur,
491 730 542 768 ut
570 725 720 768 Graece
758 730 921 781 κρὲκειν
959 729 1026 769 τὸν
1067 724 1192 769 αὐλὸν
1228 726 1455 780 Aristoph.
1484 725 1561 768 Av.
1592 727 1690 768 682.
1723 725 1794 767 Ti-

287 804 462 844 bullum
504 803 673 844 imitari
713 803 889 845 videtur
927 802 1161 845 Claudian.
1205 803 1271 844 De
1299 802 1430 844 Cons.
1474 803 1637 845 Theod.
1682 804 1794 845 313:

295 880 427 922 «tibia
464 879 575 921 flatu
613 880 880 934 pulsanda».
908 863 967 909 ζ-
992 893 1095 922 mea
1126 882 1396 935 paupertas,
1433 879 1792 941 011131011οᾑἓοἒὲ11,

288 957 342 999 de
370 970 456 1011 quo
483 957 698 1011 Pcrphyr.
727 957 796 998 ad.
825 957 934 999 Hor.
962 957 1042 1011 Ep.
1071 957 1126 998 II.
1158 959 1196 1006 2,
1231 958 1339 998 199;
1374 939 1642 1011 ‹paupertas
1660 957 1796 998 etiam

289 1035 490 1076 honestae
528 1034 815 1088 parsimoniae
853 1047 1021 1075 nomen
1060 1036 1128 1075 est
1166 1036 1210 1075 et
1246 1035 1490 1087 usurpatur
1526 1033 1576 1075 in
1614 1034 1795 1075 fortuna

289 1111 546 1153 mediocri».
575 1110 779 1152 Tibullus
817 1123 1063 1164 pauperem
1103 1123 1147 1151 se
1186 1110 1406 1159 nominat,
1438 1110 1541 1164 quia
1567 1111 1796 1164 comparat

292 1202 338 1230 se
365 1202 467 1229 cum
494 1188 680 1229 ducibus
704 1187 973 1229 immensam
998 1186 1195 1240 praedam
1221 1186 1428 1228 bellicam
1454 1187 1798 1241 congerentibus

293 1269 336 1306 et
374 1265 479 1320 quia
519 1267 670 1318 patres
713 1264 820 1314 eius,
860 1266 910 1305 ut
950 1263 1068 1305 infra
1106 1277 1191 1305 ves.
1231 1265 1295 1305 19.
1327 1266 1369 1304 et
1407 1265 1598 1305 41—42.
1639 1264 1796 1313 elucet,

215 1379 224 1384 .
291 1342 434 1383 multo
462 1341 646 1382 ditiores
679 1341 886 1389 11101111113ς
914 1342 1069 1382 00111310
1095 1339 1326 1399 Ηο110131110,
1345 1341 1420 1394 qui
1447 1341 1599 1382 minus
1625 1340 1795 1390 habuit,

292 1420 340 1460 in
368 1419 560 1472 epistola
586 1417 643 1459 ad
668 1417 894 1459 Tibullum
921 1417 1087 1470 scripta
1125 1417 1305 1459 divitias
1332 1418 1372 1458 ei
1398 1417 1555 1458 tribuit
1569 1432 1580 1466 ;
1607 1418 1660 1459 cf.
1688 1417 1796 1459 Hor.

291 1496 372 1549 Ep.
401 1495 434 1537 I.
454 1495 496 1544 4,
516 1496 540 1536 7
559 1511 568 1536 :
593 1494 673 1535 «Di
699 1494 781 1535 tibi
798 1494 979 1535 divitias
1006 1494 1224 1535 dederunt
1250 1497 1479 1548 artemque
1507 1494 1725 1536 fruendi».
1740 1518 1800 1523 —-

256 1564 387 1615 “vitu
431 1559 643 1614 traducat
683 1563 846 1622 menig<
876 1571 1097 1631 ablativus
1136 1564 1248 1629 viee}
1284 1584 1364 1625 per
1401 1571 1540 1612 vitam
1580 1570 1772 1612 inertem
1788 1586 1798 1621 ;

294 1651 346 1692 ef.
390 1649 498 1691 oaes.
541 1649 589 1690 B.
631 1647 675 1689 0.
716 1648 772 1689 11.
814 1649 853 1698 3,
887 1630 947 1689 ‘12
980 1632 1322 1690 «freto'sicfflae
1363 1647 1572 1700 pervehi»
1621 1650 1664 1688 et
1704 1647 1798 1689 Liv.

294 1726 456 1768 XXIII.
486 1727 555 1774 24,
585 1727 637 1767 7:
671 1725 818 1774 «silva,
849 1737 936 1777 qua
976 1724 1217 1765 exercitum
1255 1723 1540 1765 traducturus
1580 1726 1715 1766 erat».
1743 1748 1802 1752 —

293 1800 420 1844 Dum
459 1813 588 1843 meus
630 1798 824 1843 adsiduo
868 1799 1013 1842 luceat
1054 1799 1160 1855 ique
1200 1798 1342 1855 focus,
1386 1799 1442 1841 ad
1491 1800 1610 1841 hunc
1657 1801 1804 1842 locum

295 1879 455 1921 alludit
481 1878 588 1921 Stat.
619 1877 723 1920 Silv.
752 1878 785 1919 I.
816 1879 854 1925 2,
886 1878 998 1919 255:
1032 1876 1267 1931 «divesque
1308 1877 1406 1918 foco
1445 1878 1623 1918 lucente
1655 1876 1803 1919 Tibul-

295 1959 391 1999 lus»
401 1972 412 2007 3
452 1957 504 1998 cf.
546 1955 652 1998 CIL.
694 1955 807 1997 XIV.
838 1957 967 1997 2605.
996 1955 1144 2007 (Anth.
1173 1955 1269 1996 Lat.
1297 1955 1352 1996 H.
1387 1956 1422 1996 1.
1452 1954 1517 1996 ed.
1545 1953 1802 2003 Buecheler,

296 2049 339 2076 n.
368 2035 498 2085 477):
544 2033 679 2074 «Tum
718 2046 845 2074 meus
887 2031 1072 2074 adsidue
1114 2045 1291 2086 semper
1328 2032 1442 2073 bene
1480 2032 1604 2081 luxit,
1646 2031 1798 2080 amice,
1841 2025 1843 2027 ’

299 2113 465 2154 focus».
505 2136 565 2140 -—
603 2109 744 2162 Dum,
784 2110 1059 2157 dummodo„
1083 2134 1142 2138 Μ
1180 2107 1377 2151 adsiduo
1411 2142 1420 2150 .
1449 2142 1459 2151 .
1488 2141 1498 2150 .
1538 2108 1660 2161 ique,
1701 2109 1804 2162 quia

299 2201 483 2229 summae
530 2187 809 2241 paupertatis
853 2189 920 2228 est
966 2187 1091 2227 focus
1138 2185 1393 2234 exstinctus,
1439 2186 1489 2226 ut
1529 2183 1687 2226 Catull.
1732 2186 1801 2235 23,

303 2265 441 2305 1—2:
475 2262 618 2312 «Furi,
648 2264 720 2304 cui
758 2275 904 2316 neque
945 2275 1098 2304 servus
1139 2263 1206 2303 est
1242 2274 1387 2314 neque
1420 2273 1523 2302 arca
1546 2260 1636 2301 Nec
1662 2261 1803 2302 cimex

299 2354 441 2393 neque
470 2354 660 2382 araneus
686 2354 832 2395 neque
849 2341 1011 2394 ignis».
1030 2340 1200 2381 Focum
1216 2351 1462 2393 perennem
1486 2337 1642 2378 laudat
1668 2337 1803 2378 etiam

299 2416 491 2458 Martial.
520 2417 572 2459 X.
600 2419 671 2467 47,
705 2420 740 2460 1.
771 2431 890 2472 sqq:
925 2418 1097 2459 «Vitam
1125 2431 1220 2472 quae
1248 2417 1417 2457 faciant
1443 2415 1685 2457 beatiorem
1711 2447 1721 2457 .
1749 2447 1760 2456 .
1789 2447 1799 2456 .

301 2495 394 2536 haec
421 2497 550 2535 sunt:
578 2495 704 2536 focus
735 2496 973 2548 perennis»
1008 2497 1087 2536 etc.

359 2570 410 2612 V.
439 2571 598 2611 7—10.
638 2569 742 2624 Ipse
789 2583 942 2614 seram
989 2573 1167 2614 teneras
1212 2572 1395 2613 maturo
1442 2570 1639 2623 tempore
1676 2567 1802 2622 vites,

301 2648 450 2689 locum
490 2647 693 2687 imitatur
733 2647 929 2701 Propert.
973 2648 1051 2690 III.
1100 2649 1166 2698 17,
1215 2649 1293 2689 15:
1341 2646 1464 2699 «Ipse
1503 2657 1648 2686 seram
1688 2645 1802 2686 vites

302 2736 583 2778 pangamque
624 2736 674 2763 ex
713 2723 868 2764 ordine
908 2724 1085 2765 colles».
1120 2748 1178 2752 —-
1218 2726 1397 2766 teneras
1434 2721 1560 2773 vite-S,
1598 2723 1648 2761 ut
1684 2721 1803 2762 infra
