1942 3132
247 216 313 250 124
816 230 873 258 AD
893 230 924 257 1.
949 227 983 265 3,
1009 225 1176 256 81—88.

244 347 420 389 videtur
451 346 580 400 Prop.
609 345 666 387 II.
700 347 765 395 17,
794 347 937 387 5-6;
971 345 1077 387 «Vel
1115 345 1165 384 tu
1202 343 1419 385 Tantalea
1454 356 1660 385 moveare
1699 343 1754 384 ad

245 423 434 466 fiumina
479 426 610 472 sorte,
651 422 711 464 Ut
751 422 899 476 liquor
937 422 1081 463 arenti
1124 421 1252 462 fallat
1293 420 1346 461 ab
1388 433 1461 461 ore
1505 419 1669 462 sitim».
1696 443 1756 447 —

248 497 405 542 Danai
426 498 600 555 proles,
623 497 726 539 filiae
751 497 910 548 Danai,
938 497 1179 539 Danaides.
1207 521 1267 525 —-
1297 495 1483 539 Veneris
1509 493 1630 552 quod
1661 507 1753 536 nu-

250 579 381 622 mina
410 577 537 629 laesit,
566 586 758 630 sponsos
785 589 901 626 suos,
930 575 1048 617 filios
1074 574 1276 628 Aegypti,
1305 573 1445 627 patris
1470 573 1596 615 iussu
1626 585 1756 614 neca-

249 656 419 696 verunt.
468 677 527 681 —
573 653 623 695 in
669 664 782 695 cava
810 687 818 694 .
846 684 856 694 .
893 685 903 693 .
945 650 1086 704 dolia,
1134 651 1300 699 cavata,
1349 649 1585 702 perforata,
1634 650 1757 696 πίθος

251 733 512 787 τετρημένος,
552 731 602 771 ut
638 729 750 772 Plat.
793 728 923 782 Gorg.
953 742 995 783 p.
1024 729 1124 770 493.
1154 728 1203 770 B.
1231 727 1296 770 Cf.
1324 726 1402 769 Ov.
1429 727 1479 769 A.
1506 727 1557 768 A.
1583 726 1618 769 I.
1645 728 1759 769 432:

261 807 563 862 «Elapsusque
606 819 714 848 cava
753 805 937 859 fingitur
977 819 1081 847 aure
1122 805 1264 859 lapis»
1298 807 1342 846 et
1381 802 1488 846 Met.
1520 803 1617 846 XII.
1651 804 1760 845 130:

260 897 488 939 «parmam
513 883 663 937 gladio
690 883 953 937 galeamque
976 883 1124 925 cavari
1152 882 1345 924 Cernit».
1375 906 1433 910 —
1459 879 1668 924 Lethaeas
1689 912 1700 922 .
1719 912 1729 921 .
1750 914 1758 921 .

254 974 420 1017 aquas,
459 962 674 1010 infernas,
714 962 767 1001 ut
802 960 941 1014 Lygd.
970 961 1008 1009 3,
1042 960 1120 1000 10:
1155 957 1360 1000 «Lethaea
1384 957 1518 999 ratis»
1552 959 1595 998 et
1626 956 1760 998 Anth.

255 1038 346 1080 Pal.
375 1037 450 1079 IX.
481 1039 580 1080 279.
608 1036 785 1095 Ληθαίη
813 1035 965 1083 ἄκατος
994 1035 1047 1076 de
1073 1048 1186 1077 nave
1215 1034 1466 1084 Charontis‚
1496 1033 1572 1087 qui
1597 1046 1690 1074 non
1715 1033 1763 1073 in

255 1114 392 1157 fluvio
419 1115 585 1156 Lethes
612 1114 862 1168 navigavit3
892 1099 1108 1156 Simonid.
1127 1112 1262 1153 Anth.
1282 1111 1372 1152 Pal.
1391 1110 1486 1152 VII.
1508 1111 1589 1152 ,⁶252
1615 1110 1763 1151 λείπων

257 1192 397 1250 ἠέλιον
423 1191 579 1250 Λήθης
607 1191 752 1234 ἐνθάδ’
781 1191 930 1247 ἔκυρσε
957 1191 1106 1247 δόμων,
1134 1189 1211 1231 ubi
1238 1189 1384 1242 agitur
1425 1187 1479 1229 de
1505 1187 1636 1229 domo
1665 1186 1762 1229 Orci

261 1273 304 1311 et
330 1268 439 1311 Stat.
460 1269 594 1311 Theb.
614 1268 684 1310 VI.
706 1269 807 1310 476.
836 1267 888 1309 de
916 1266 1130 1309 Cerbero:
1165 1266 1355 1307 «ianitor
1385 1267 1490 1306 atrae
1507 1262 1766 1317 Impavidus

259 1347 465 1388 Lethes».
483 1346 624 1387 Lethe
641 1346 778 1399 igitur
792 1345 862 1387 his
878 1344 990 1386 locis
1007 1357 1086 1398 per
1102 1343 1426 1396 metonymiam
1442 1344 1589 1383 totum
1603 1339 1766 1381 Orcum

261 1422 492 1477 significat.

319 1500 368 1542 V.
399 1501 588 1542 81—-82,
632 1511 755 1542 ‘meos
796 1498 982 1542 violavit
1023 1508 1219 1548 amores,
1262 1496 1338 1550 qui
1378 1494 1575 1549 puellam
1620 1506 1764 1535 meam

263 1579 446 1630 tangere
486 1590 621 1619 ausus
655 1579 746 1626 est;
786 1577 838 1618 cf.
881 1575 999 1617 infra
1029 1575 1063 1616 I.
1095 1575 1133 1623 6,
1163 1575 1366 1616 51—53:
1399 1572 1605 1620 «Parcite,
1635 1584 1767 1625 quam

263 1653 456 1695 custodit
496 1654 646 1704 Amor,
694 1653 866 1695 violare
907 1651 1118 1705 puellam,
1161 1650 1225 1691 Ne
1267 1649 1419 1703 pigeat
1463 1660 1626 1702 magno
1668 1648 1770 1701 post

264 1730 472 1772 didicisse
518 1730 651 1771 malo.
701 1728 928 1785 Attiqerit,
984 1728 1194 1769 labentur
1241 1739 1391 1780 opes».
1431 1750 1490 1754 —
1526 1736 1648 1767 meos
1680 1757 1689 1766 .
1718 1756 1728 1765 .
1759 1757 1767 1765 .

265 1819 459 1855 amores,
503 1820 650 1847 meam
690 1806 903 1859 puellam,
946 1805 973 1846 i.
1004 1818 1039 1846 e.
1078 1804 1281 1852 Deliam;
1321 1803 1374 1844 cf.
1415 1802 1515 1843 adn.
1557 1801 1676 1842 infra
1716 1799 1772 1842 ad

267 1885 300 1926 I.
331 1885 369 1933 6,
401 1886 482 1926 35:
506 1896 748 1925 «amores».
768 1907 827 1911 —
846 1882 993 1924 levitas
1012 1913 1022 1922 .
1043 1915 1053 1924 .
1073 1914 1082 1924 .
1109 1880 1318 1932 militias,
1338 1879 1497 1921 alludit
1522 1878 1577 1920 ad
1602 1877 1771 1920 bellum

265 1961 582 2016 Aquitanicum
621 1962 664 2001 et
691 1959 746 2001 ad
785 1959 1116 2013 expeditionem
1151 1958 1373 2000 Messallae
1412 1956 1688 2005 orientalem,
1718 1954 1772 1996 ad

268 2052 402 2093 quam
426 2038 713 2092 proficiscens
739 2036 895 2078 morbo
923 2038 1152 2090 correptus
1181 2037 1259 2077 est.
1275 2059 1334 2064 ——
1350 2034 1506 2086 lentas,
1524 2034 1770 2081 diuturnas,

268 2118 318 2156 ut
341 2114 450 2156 Hor.
478 2114 558 2167 Ep.
586 2114 619 2155 I.
650 2115 688 2164 2,
720 2115 743 2155 7
774 2115 817 2155 et
841 2113 897 2154 H.
927 2114 966 2163 Ξ,
996 2113 1079 2154 98:
1113 2112 1259 2153 «lento
1292 2111 1484 2153 duello».

327 2191 376 2233 V.
407 2191 597 2232 83—88.
627 2191 771 2241 casta,
797 2189 911 2231 mihi
935 2188 1092 2238 fidelis,
1120 2191 1171 2230 ut
1196 2189 1228 2230 I.
1259 2189 1297 2238 6,
1329 2189 1396 2230 67.
1426 2187 1480 2229 de
1505 2187 1659 2228 Delia:
1683 2184 1775 2228 «Sit

272 2268 404 2309 modo
444 2269 608 2308 casta».
648 2290 707 2294 —
744 2264 908 2308 sedula
933 2298 942 2307 .
972 2298 982 2308 .
1013 2300 1022 2308 .
1051 2278 1184 2315 anua
1225 2267 1369 2306 mater
1404 2264 1556 2313 Deliae,
1595 2263 1649 2305 de
1688 2275 1774 2316 qua

271 2346 389 2386 infra
421 2345 453 2385 I.
486 2345 523 2392 6,
553 2344 756 2386 57—-582
781 2344 905 2385 «Non
932 2357 1013 2397 ego
1040 2346 1083 2385 te
1109 2345 1293 2397 propter
1318 2355 1450 2396 parco
1476 2341 1572 2391 tibi,
1600 2339 1676 2382 sed
1697 2342 1774 2380 tua

272 2423 414 2462 mater
438 2420 512 2460 Me
540 2422 690 2462 movet
716 2422 847 2474 atque
873 2421 963 2461 iras
990 2433 1125 2461 aurea
1150 2420 1290 2461 vincit
1316 2432 1453 2460 anus»
1500 2420 1544 2459 et
1569 2418 1650 2459 67:
1684 2414 1774 2457 «Sit

273 2496 405 2538 modo
433 2499 554 2537 casta
576 2498 649 2542 (sc.
680 2496 836 2549 Delia),
867 2497 1017 2538 doce».
1046 2520 1105 2525 -—
1130 2495 1329 2551 fabellas
1366 2494 1547 2550 referat,
1574 2494 1624 2533 ut
1662 2505 1774 2533 anus

276 2574 446 2621 solent3
486 2572 538 2613 cf.
581 2572 656 2613 Ov.
684 2573 790 2614 Met.
819 2573 891 2615 IV.
919 2574 991 2615 40.
1022 2575 1064 2614 et
1090 2573 1217 2626 Verg.
1249 2570 1324 2614 Ge.
1364 2571 1436 2613 IV.
1466 2571 1563 2612 345.
1592 2570 1635 2610 et
1664 2567 1772 2609 Hor.

277 2650 364 2693 Sat.
392 2649 447 2691 H.
479 2649 517 2697 6,
548 2649 749 2690 77—78:
784 2650 945 2702 «garrit
972 2650 1115 2691 aniles
1141 2649 1206 2690 Ex
1230 2662 1277 2690 re
1308 2648 1536 2689 fabellas».
1564 2669 1622 2674 —
1646 2645 1772 2699 posi-

276 2730 411 2782 taque
450 2726 649 2774 lucerna,
680 2727 896 2779 apposita,
926 2730 976 2767 ut
1003 2726 1078 2768 Ov.
1107 2726 1212 2768 Her.
1246 2727 1311 2775 19,
1344 2725 1451 2766 151:
1483 2722 1706 2764 «Sternuit
1734 2726 1777 2763 et
