1942 3132
639 557 1246 635 AMBARVALIA.

770 723 776 726 “
861 724 932 776 (Π.
965 725 1021 777 1.)

245 817 457 872 Quisquis
485 815 629 865 adest-‚-
651 786 820 857 faveat:
850 813 1000 868 fruges
1025 813 1272 866 lustramus
1299 814 1348 855 et
1369 825 1513 867 agrOS,

303 896 434 938 Ritus
460 898 510 936 ut
537 907 562 936 a
586 893 732 948 prisco
757 891 950 934 traditus
977 893 1120 943 exstat
1142 905 1240 933 avo.
1279 906 1301 943 g

243 973 431 1022 Bacche,
459 971 576 1020 veni,
605 970 837 1024 dulcisque
863 969 954 1011 tuis
982 982 1005 1010 e
1032 968 1242 1011 cornibus
1268 981 1355 1010 uva

303 1049 513 1099 Pendeat,
543 1052 581 1091 ei
612 1047 748 1102 spicis
774 1049 980 1101 tempora
1005 1046 1147 1101 cinge,
1177 1045 1321 1088 Ceres.

243 1129 362 1170 Luce
391 1140 524 1169 sacra·
542 1125 791 1181 requiescat
817 1125 996 1173 humus,
1024 1124 1276 1178 requiescat
1304 1124 1466 1170 arator,

302 1206 360 1248 Et
385 1218 518 1260 grave
545 1216 764 1258 suspenso
789 1214 969 1254 vomere
996 1203 1140 1243 cesset
1165 1214 1292 1255 opus.

243 1283 412 1327 Solvite
438 1284 587 1326 vincla
614 1284 757 1337 iugis:
783 1294 907 1324 nunc
933 1280 986 1322 ad
1004 1279 1235 1334 praesepia
1260 1277 1425 1319 debent

302 1361 442 1404 Plena
469 1362 829 1411 coronato-stare
854 1358 991 1400 boves
1017 1357 1177 1411 capite.
1209 1373 1213 1376 ·
1256 1372 1260 1375 ·
1298 1373 1301 1375 ’

242 1439 407 1482 Omnia
434 1439 525 1482 sint
552 1440 736 1493 operata
762 1436 870 1479 deo:
898 1449 992 1478 non
1019 1434 1183 1477 audeat
1208 1433 1306 1475 ulla

224 1552 230 1554 ,
300 1515 549 1558 Lanificam
574 1515 729 1570 pensis
756 1514 1026 1569 imposuisse
1053 1525 1254 1554 manum.

239 1593 330 1636 Vos
357 1606 532 1649 quoque
561 1593 716 1635 abesse
742 1591 901 1646 procul
924 1590 1074 1640 iubeo,
1100 1588 1301 1632 discedat
1329 1587 1383 1630 ab
1411 1588 1513 1635 aris,

300 1670 383 1712 Cui
409 1671 514 1712 tulit
541 1671 754 1713 hesterna
778 1668 942 1723 gaudia
967 1671 1099 1710 nocte
1125 1666 1291 1709 Venus.

241 1747 375 1791 Casta
401 1748 582 1803 placent
608 1747 808 1801 superis:
835 1758 950 1800 pura
974 1757 1078 1786 cum
1103 1746 1228 1786 veste
1253 1743 1402 1784 venite

299 1825 356 1867 Et
380 1825 591 1867 manibus
617 1824 743 1879 puris
770 1823 934 1867 sumite
963 1822 1104 1864 fontis
1129 1834 1305 1875 aquam.

240 1900 432 1949 Gemite,
462 1901 686 1955 fulgentes
710 1903 761 1942 ut
787 1902 861 1942 eat
886 1912 1012 1952 sacer
1037 1911 1181 1951 agnus
1207 1896 1263 1938 ad
1291 1908 1393 1938 aras

298 1978 546 2032 Vinctaque
573 1980 677 2031 post
702 1977 802 2019 olea
826 1976 1019 2018 candida
1044 1975 1177 2028 turba
1203 1986 1368 2016 comas.

239 2055 296 2097 Di
323 2055 471 2109 patrii,
499 2067 743 2109 purgamus
770 2065 913 2107 agros,
940 2065 1187 2107 purgamus
1213 2053 1438 2105 agrestes:

299 2132 389 2175 Vos
415 2132 537 2173 mala
562 2131 617 2173 de
643 2131 812 2173 nostris
837 2130 993 2185 pellite
1019 2129 1253 2176 limitibus⁹

239 2210 336 2257 Neu
363 2222 491 2263 seges
518 2208 671 2250 eludat
695 2221 890 2250 messem
916 2207 1152 2249 fallacibus
1177 2206 1342 2255 herbis,

299 2287 397 2328 Neu
423 2287 583 2328 timeat
607 2285 773 2328 celeres
798 2284 970 2327 tardior
995 2298 1111 2340 agna
1136 2284 1280 2339 lupos,

239 2365 363 2407 Tunc
389 2364 559 2406 nitidus
586 2362 734 2417 plenis
759 2361 955 2406 confisus
980 2362 1174 2405 rusticus
1201 2362 1320 2416 agris

299 2442 480 2495 Ingeret
507 2440 682 2483 ardenti
708 2439 897 2494 grandia
920 2440 1046 2496 ligna
1072 2441 1183 2490 foco,

239 2518 473 2573 Turbaque
499 2531 752 2569 vernarum,
781 2518 921 2561 saturi
947 2518 1066 2561 bona
1092 2517 1221 2571 signa
1247 2517 1411 2565 coloni.

299 2595 443 2638 Ludet
471 2599 515 2637 et
541 2608 592 2637 ex
617 2595 754 2648 virgis
780 2598 976 2637 exstruet
1001 2598 1106 2637 ante
1133 2607 1271 2637 casas.

239 2673 467 2715 Eventura
492 2685 674 2727 precor:
702 2670 836 2714 viden
861 2676 913 2714 ut
938 2671 1142 2722 felicibus
1169 2672 1280 2714 extis

301 2748 530 2803 Significet
555 2747 755 2803 placidos
781 2748 943 2790 nuntia
966 2747 1078 2791 fibra
1104 2748 1246 2791 deos?

1732 1530 1769 1553 10

1732 1916 1767 1940 15

1727 2302 1768 2327 20
