1942 3132
272 189 317 223 54
440 219 442 221 .
974 204 1022 232 11.
1047 203 1081 232 3.

985 380 1062 421 ΙΙΙ.

334 472 454 514 Rura
479 486 639 524 meam,
670 473 876 523 Comute,
907 475 1063 515 tenent
1088 474 1291 526 villaeque
1318 473 1541 525 puellam:
1658 471 1710 505 II·
1736 471 1777 506 3·

392 549 583 591 Ferreus
611 552 688 601 est,
718 551 807 592 heu
834 551 934 599 heu,
964 551 1164 604 quisquis
1192 550 1239 590 in
1265 549 1372 589 urbe
1399 552 1563 590 manet.

333 626 438 679 Ipsa
463 626 615 668 Venus
642 628 759 669 latos
785 627 874 669 iam
902 641 1022 668 nunc
1048 626 1257 680 migravit
1282 627 1331 666 in
1358 639 1501 679 agros,

393 702 622 757 Verbaque
650 704 838 745 aratoris
866 703 1029 744 rustica
1055 703 1185 744 discit
1210 702 1358 744 Amor.

222 801 238 824 5
337 778 371 820 O
399 793 492 834 ego,
522 793 622 821 cum
649 780 893 834 aspicerem
921 779 1161 827 dominam,
1191 792 1324 832 quam
1351 779 1524 820 fortiter
1550 778 1639 819 illic

395 856 628 898 Versarem
656 857 803 897 valido
830 857 996 910 pingue
1023 856 1202 897 bidente
1231 856 1376 897 solum

335 933 639 987 Agricolaeque
665 932 798 974 modo
826 946 1009 974 curvum
1038 934 1231 973 sectarer
1257 935 1466 980 aratrum,

395 1008 514 1049 Dum
542 1009 754 1062 subigunt
782 1009 957 1050 steriles
984 1023 1087 1050 arva
1116 1009 1303 1050 serenda
1329 1008 1490 1049 boves!

338 1086 427 1127 Nec
453 1099 670 1139 quererer,
702 1085 819 1140 quod
846 1086 914 1127 sol
940 1085 1126 1138 graciles
1153 1088 1354 1126 exureret
1380 1086 1516 1133 artus,

207 1184 243 1208 10
398 1162 597 1203 Laederet
626 1164 668 1202 et
694 1165 871 1203 teneras
896 1161 1084 1215 pussula
1108 1165 1241 1214 rupta
1266 1175 1441 1203 manus.

337 1240 464 1281 Pavit
490 1243 532 1281 et
558 1239 733 1280 Admeti
760 1242 912 1280 tauros
939 1239 1162 1280 formosus
1188 1238 1360 1292 Apollo,

398 1317 487 1358 Nec
515 1317 693 1357 citharae
719 1316 911 1356 intonsae
937 1316 1256 1368 profueruntve
1284 1329 1434 1365 comae,

339 1393 428 1434 Nec
454 1394 601 1446 potuit
627 1406 754 1433 curas
783 1405 940 1433 sanare
969 1392 1220 1433 salubribus
1246 1392 1422 1434 herbis:
1469 1382 1478 1391 ”

209 1490 245 1514 u
402 1469 623 1522 Quidquid
653 1471 746 1509 erat
773 1468 954 1509 medicae
981 1469 1146 1510 vicerat
1173 1469 1281 1511 artis
1309 1483 1445 1511 amor.

211 1567 269 1591 ua
341 1547 442 1601 Ipse
469 1546 577 1586 deus
606 1545 766 1587 solitus
794 1545 982 1586 stabulis
1010 1546 1228 1598 expellere
1255 1559 1410 1587 vaccas

211 1711 268 1744 ub
342 1700 398 1740 Et
422 1701 608 1741 miscere
635 1712 751 1741 novo
779 1699 981 1741 docuisse
1009 1700 1192 1753 coagula
1217 1701 1342 1750 lacte,

211 1797 266 1820 ιω
402 1777 592 1818 Lacteus
621 1780 663 1818 et
689 1776 892 1818 mulctris
920 1776 1166 1830 obriguisse
1191 1778 1351 1831 liquor.

212 1874 247 1897 15
342 1854 464 1895 Tunc
489 1853 659 1894 fiscella
685 1853 774 1894 levi
800 1853 975 1894 detexta
1002 1855 1069 1894 est
1094 1853 1262 1894 vimine
1288 1854 1420 1904 iunci,

402 1930 606 1983 Raraque
633 1944 713 1983 per
738 1944 878 1972 nexus
907 1932 974 1971 est
998 1930 1067 1971 via
1096 1930 1212 1971 facta
1240 1944 1350 1972 sero.

345 2007 379 2048 O
408 2007 614 2061 quotiens
641 2006 719 2047 illo
746 2006 937 2047 vitulum
963 2009 1166 2059 gestante
1192 2020 1272 2060 per
1299 2021 1428 2061 agros

403 2083 577 2124 Dicitur
604 2096 840 2124 occurrens
868 2083 1098 2124 erubuisse
1126 2084 1276 2124 soror!

346 2160 381 2201 O
410 2161 615 2214 quotiens
642 2174 770 2209 ausae,
801 2162 979 2201 caneret
1005 2160 1112 2201 dum
1137 2161 1252 2202 valle
1281 2161 1361 2203 sub
1389 2162 1490 2212 alta,

214 2257 251 2280 20
406 2236 626 2289 Rumpere
652 2237 826 2289 mugitu
852 2237 1050 2278 carmina
1076 2237 1205 2279 docta
1232 2237 1391 2279 boves!

348 2312 472 2366 Saepe
499 2311 630 2353 duces
658 2313 843 2366 trepidis
869 2313 1037 2367 petiere
1065 2315 1245 2355 oracula
1271 2315 1413 2365 rebus,

406 2388 540 2430 Venit
567 2391 610 2428 et
636 2402 660 2429 a
687 2391 866 2442 templis
891 2391 1020 2432 irrita
1044 2391 1175 2432 turba
1201 2390 1407 2433 domum:

350 2464 473 2518 Saepe
501 2465 681 2505 horrere
709 2479 858 2507 sacros
888 2466 1029 2508 doluit
1054 2467 1229 2508 Latona
1255 2467 1452 2520 capillos,

410 2541 530 2593 Quos
558 2541 772 2583 admirata
800 2547 865 2583 est
891 2544 988 2596 ipsa
1015 2556 1206 2584 noverca
1230 2544 1368 2596 prius.

218 2638 255 2662 25
352 2616 561 2670 Quisquis
588 2616 932 2671 inornatumque
960 2623 1092 2673 caput
1118 2619 1350 2673 crinesque
1378 2620 1547 2661 solutos

410 2693 648 2747 Aspiceret‚
678 2693 831 2734 Phoebi
860 2699 1075 2747 quaereret
1096 2697 1172 2737 ille
1200 2709 1385 2738 comam.
