1942 3132
167 449 202 472 25

163 832 201 856 So

161 1215 198 1239 85

160 1599 198 1623 40

157 1984 193 2007 45

156 2366 194 2390 50

157 2750 193 2773 55

220 221 264 255 22

917 237 947 265 Ι.
975 236 1009 266 3.

338 352 422 393 Illa
449 354 525 392 tua
550 351 716 393 totiens
743 366 827 394 aera
853 354 1032 406 repulsa
1057 367 1206 403 manu,

281 429 461 480 Quidve,
489 429 562 482 pie
589 428 694 470 dum
721 442 844 471 sacra
870 430 990 480 colis,
1019 443 1213 484 pureque
1239 430 1377 471 lavari

337 505 395 545 Te
422 529 479 533 ——
505 505 690 546 memini
715 529 774 534 —-
801 508 844 546 et
869 519 980 561 puro
1008 506 1260 548 secubuisse
1286 508 1416 547 toro?

278 581 416 629 Nunc,
445 581 539 632 dea,
567 595 687 623 nunc
715 595 918 624 succurre
944 584 1082 625 mihi:
1109 597 1215 624 nam
1240 596 1371 636 posse
1397 582 1565 625 mederi

337 657 458 699 Picta
484 657 611 699 docet
636 658 815 712 templis
841 658 984 700 multa
1008 659 1174 700 tabella
1200 659 1315 701 tuis:

276 735 335 777 Ut
359 748 460 776 mea
484 735 655 778 votivas
680 735 938 789 persolvens
963 735 1094 777 Delia
1117 749 1247 778 voces

334 812 448 854 Ante
475 825 621 854 sacras
645 813 739 855 lino
766 814 882 854 tecta
907 825 1024 854 10188
1051 813 1214 861 sedeat,

275 887 436 942 Bisque
463 887 533 929 die
559 889 756 930 resoluta
781 901 931 930 comas
957 889 1039 930 tibi
1065 889 1208 931 dicere
1234 889 1389 931 laudes

333 964 529 1018 Insignis
555 965 685 1007 turba
711 965 868 1007 debeat
893 966 941 1006 in
967 966 1141 1007 Pharia.

273 1041 329 1082 At
354 1042 466 1083 mihi
492 1042 722 1096 contingat
748 1043 916 1096 patrios
943 1043 1164 1084 celebrare
1191 1043 1379 1084 Penates

333 1117 617 1172 Reddereque
644 1119 827 1173 antiquo
853 1122 1083 1160 menstrua
1106 1121 1208 1160 tura
1233 1118 1348 1160 Lari.

275 1194 417 1246 Quam
443 1195 555 1237 bene
583 1194 772 1238 Saturno
800 1195 1008 1237 vivebant
1033 1208 1146 1248 rege,
1174 1195 1297 1249 prius
1325 1208 1457 1248 quam

332 1271 481 1313 Tellus
506 1273 554 1314 in
579 1274 737 1327 longas
765 1275 831 1314 est
855 1273 1078 1326 patefacta
1102 1272 1221 1314 vias!

272 1347 481 1389 Nondum
507 1349 715 1391 caeruleas
739 1350 873 1403 pinus
900 1349 1219 1391 conscenderat
1243 1347 1400 1397 undas,

331 1423 533 1466 Effusum
559 1425 702 1467 ventis
728 1426 1062 1479 praebueratque
1091 1425 1252 1473 sinum,

271 1500 360 1542 Nec
385 1514 521 1554 vagus
547 1503 712 1555 ignotis
738 1505 943 1556 repetens
969 1502 1233 1556 compendia
1257 1502 1386 1542 terris

330 1578 554 1620 Presserat
581 1582 760 1620 externa
786 1580 938 1622 navita
965 1592 1109 1620 1118108
1135 1582 1288 1620 ratem.

269 1654 353 1696 Illo
381 1668 474 1697 non
499 1656 673 1698 validus
701 1656 837 1698 subiit
862 1657 965 1709 iuga
990 1658 1188 1709 tempore
1215 1658 1380 1704 taurus,

330 1731 427 1772 Non
455 1732 623 1774 domito
650 1734 799 1774 frenos
827 1747 900 1774 ore
927 1732 1169 1774 momordit
1195 1745 1347 1786 equus,

270 1808 370 1850 Non
395 1808 553 1850 domus
579 1809 672 1850 ulla
697 1810 815 1851 fores
842 1810 1010 1858 habuit,
1038 1822 1131 1850 non
1157 1808 1268 1850 fixus
1294 1809 1342 1849 in
1370 1809 1502 1862 agris,

330 1885 415 1936 Qui
439 1888 608 1939 regeret
633 1887 764 1927 certis
789 1885 952 1927 finibus
981 1900 1096 1934 arva,
1124 1886 1252 1939 lapis.

269 1961 381 2015 Ipsae
408 1963 543 2004 mella
569 1962 735 2004 dabant
762 1976 958 2017 quercus,
987 1963 1192 2017 ultroque
1219 1963 1422 2004 ferebant

329 2038 467 2081 Obvia
495 2040 659 2082 securis
685 2040 822 2081 ubera
846 2040 975 2082 lactis
1002 2053 1118 2082 oves.

268 2116 367 2157 Non
395 2116 521 2166 acies,
550 2130 642 2158 non
667 2117 735 2157 ira
761 2118 857 2166 fuit,
884 2130 977 2158 non
1003 2117 1133 2166 bella,
1161 2130 1243 2158 nec
1270 2130 1421 2158 ensem

328 2193 497 2234 Immiti
524 2207 665 2234 saevus
691 2193 874 2235 duxerat
900 2195 992 2234 arte
1020 2193 1153 2234 faber,

268 2269 394 2310 Nunc
419 2270 522 2310 Iove
549 2270 629 2310 sub
656 2269 837 2310 domino
865 2270 1002 2310 caedes
1031 2271 1074 2310 et
1098 2269 1284 2309 vulnera
1311 2282 1498 2321 semper,

328 2345 455 2386 Nunc
481 2358 614 2393 mare,
643 2359 762 2385 nunc
790 2346 864 2385 leti
893 2345 1014 2385 mille
1042 2348 1222 2398 repente
1248 2345 1341 2385 viae.

267 2422 415 2471 Parce,
441 2423 577 2474 pater.
607 2421 828 2462 Timidum
854 2434 947 2462 non
973 2434 1044 2461 me
1070 2421 1264 2473 periuria
1290 2423 1467 2470 terrent,

328 2498 428 2539 Non
453 2497 572 2538 dicta
595 2497 643 2538 in
671 2500 845 2539 sanctos
872 2498 1011 2550 impia
1035 2497 1169 2538 verba
1197 2496 1314 2538 deos.

270 2573 396 2626 Quod
424 2573 460 2614 si
487 2573 643 2614 fatales
669 2573 758 2614 iam
785 2586 902 2614 nunc
930 2573 1200 2626 explevimus
1227 2585 1382 2621 annos,

328 2650 416 2691 Fac
441 2649 557 2702 lapis
582 2650 809 2702 inscriptis
837 2651 921 2690 stet
948 2662 1079 2702 super
1106 2663 1206 2690 ossa
1231 2649 1376 2690 notis:

276 2729 384 2770 «Hic
409 2728 523 2770 iacet
546 2726 710 2767 immiti
737 2729 1022 2779 consumptus
1049 2728 1190 2767 morte
1217 2726 1430 2775 Tibullus,
