1942 3132
248 215 316 251 164
817 230 873 259 AD
894 231 924 260 1,
948 230 981 268 a,
1007 230 1172 260 65—74.

246 346 455 389 decorum
469 347 661 388 Protulit
679 360 740 396 os,
763 348 870 401 quin
896 360 1001 390 ossa
1025 348 1176 403 legant
1198 348 1444 402 herbasque
1472 351 1710 391 nocentes»
1730 364 1741 399 3

245 423 429 465 Lucian.
455 423 739 477 Philopseud.
767 437 803 466 o.
836 426 914 467 14:
953 422 1181 482 αὔξομένην
1217 417 1403 483 τηρήσας
1442 428 1514 483 τὴν
1551 427 1740 484 σελήνην,

243 503 333 543 τότε
359 503 436 556 γὰρ
455 499 510 548 ὡς
538 500 748 544 ἐπιτοπολὺ
772 504 822 544 τὰ
847 507 1014 544 τοιαῦτα
1039 503 1391 557 τελεσιουργεῖται.
1417 528 1477 531 --
1503 502 1564 546 ad
1587 503 1741 559 mayi-

247 589 320 620 cos
347 610 357 619 .
386 611 396 619 .
425 611 434 619 .
464 575 581 627 deos,
611 578 664 619 ad
692 591 812 620 aram
840 578 1022 621 deorum
1060 580 1318 629 inferorum,
1348 593 1458 634 quos
1484 581 1532 621 in
1557 581 1742 634 magicis

245 654 377 696 rebus
403 654 699 703 invocabant;
726 655 778 696 of.
807 655 923 696 infra
949 656 1004 697 ΙΙ.
1034 657 1073 704 5,
1105 657 1186 697 ‚0222
1221 655 1450 697 «ardentes
1475 657 1607 698 deos»
1638 671 1742 711 pro:

246 731 448 773 ardentia
473 731 641 784 templa
666 731 862 772 deorum.
891 757 950 760 ---
977 731 1125 774 hostia
1158 731 1306 786 pulla,
1334 733 1474 786 nigra,
1503 733 1647 787 qualis
1673 734 1742 776 dis

245 808 401 850 inferis
429 807 623 849 debetur.
651 832 710 836 —
735 806 828 850 Nec
853 809 893 850 te
913 819 1047 862 posse
1086 820 1239 851 carere
1277 809 1425 859 velim,
1453 811 1503 851 ut
1527 810 1645 851 infra
1669 810 1740 852 IV.

246 885 285 934 6,
320 886 384 926 19.
413 883 467 925 de
491 884 643 937 puella
669 886 871 926 amante:
904 869 1028 934 «Nae,
1055 885 1188 926 liceat
1226 885 1440 939 quamvis,
1471 899 1579 927 sana
1604 886 1742 927 fuisse

245 962 393 1004 velit».
422 987 480 990 —
504 973 660 1004 carere
693 961 844 1010 'velim
886 961 1038 1003 eadem
1081 962 1215 1003 verba
1256 963 1303 1003 in
1345 961 1433 1004 fine
1475 964 1742 1016 pentametri

246 1038 321 1080 Ov.
350 1038 455 1090 Her.
487 1039 524 1086 7,
554 1039 636 1080 28:
670 1038 749 1079 «Et
774 1051 872 1092 quo,
902 1039 940 1080 si
966 1051 1058 1079 non
1087 1039 1171 1079 sim
1211 1038 1359 1087 stulta,
1390 1052 1536 1080 carere
1562 1039 1720 1081 velim»
1729 1053 1741 1088 ;

246 1117 298 1157 of.
328 1116 463 1156 etiam
489 1114 565 1156 Ov.
592 1115 642 1156 A.
669 1115 718 1156 A.
746 1115 801 1156 ΙΙ.
830 1116 943 1157 454:
977 1115 1098 1167 «Quo
1138 1116 1234 1157 sine
1277 1130 1369 1157 non
1407 1117 1551 1170 possit
1580 1117 1740 1165 vivere,

244 1205 373 1246 posse
399 1192 547 1234 velit».

304 1269 353 1311 V.
383 1271 571 1312 65—70.
599 1268 794 1311 Ferreus
820 1268 897 1312 ille
922 1268 1020 1324 fuit,
1050 1268 1129 1323 qui
1167 1271 1207 1311 te
1231 1282 1336 1312 eum
1366 1272 1524 1324 posset
1564 1268 1741 1319 habere,

245 1345 463 1390 Maluerit
496 1345 683 1401 praedas
725 1344 894 1388 stultus
920 1348 961 1389 et
988 1357 1123 1387 arma
1162 1346 1302 1401 sequi,
1333 1346 1493 1388 similis
1520 1346 1742 1388 sententia

246 1422 363 1477 apud
399 1423 526 1476 Prop.
566 1422 644 1463 ΙΙΙ.
686 1423 755 1471 20,
796 1423 846 1463 3:
880 1421 1063 1471 «Durus,
1100 1423 1175 1475 qui
1216 1423 1339 1463 luero
1381 1423 1527 1476 potuit
1568 1424 1741 1464 mutare

245 1500 483 1552 puellam».
512 1499 681 1541 Alludit
707 1499 762 1540 ad
786 1499 930 1540 virum
958 1498 1191 1553 quendam,
1239 1500 1315 1552 qui
1339 1499 1470 1540 Delia
1505 1499 1662 1540 relicta
1687 1498 1743 1540 ad

244 1577 361 1618 bella
385 1577 610 1630 profectus
637 1579 703 1618 est
730 1579 773 1617 et
797 1589 917 1616 nunc
954 1576 1002 1617 in
1041 1576 1232 1616 exercitu
1255 1575 1472 1617 Messallae
1513 1576 1563 1617 in
1589 1575 1743 1618 Cilicia

245 1653 434 1702 militat;
460 1653 559 1694 vide
585 1653 702 1694 infra
726 1666 811 1694 vss.
842 1653 1030 1694 67—-68.
1050 1677 1108 1680 —
1132 1651 1328 1694 Ferreus
1354 1652 1434 1695 ille
1458 1652 1558 1708 fuit,
1588 1653 1742 1694 eadem

244 1730 377 1772 verba
403 1730 450 1771 in
475 1729 563 1771 fine
590 1729 855 1782 pentametri
895 1742 1028 1782 supra
1053 1729 1086 1770 I.
1120 1730 1183 1778 10,
1214 1730 1253 1770 2.
1280 1753 1339 1757 —
1368 1726 1563 1772 Cilicum
1601 1728 1742 1773 victas

247 1808 355 1863 ayat
393 1807 497 1849 ante
537 1807 754 1856 catervas,
782 1805 942 1847 alludit
968 1804 1022 1846 ad
1060 1805 1227 1846 bellum
1253 1805 1472 1848 Messallae
1499 1807 1548 1847 in
1574 1805 1739 1856 Cilicia,

245 1883 299 1925 de
326 1897 412 1938 quo
440 1884 492 1924 ef.
520 1884 637 1924 infra
662 1883 694 1924 I.
725 1883 763 1932 7,
797 1882 982 1924 13-16.
1011 1907 1070 1910 —-
1096 1884 1206 1937 ayat
1244 1884 1360 1932 aute,
1390 1896 1447 1924 sc.
1477 1885 1579 1924 ante
1607 1896 1664 1933 se,
1693 1885 1743 1925 ut

244 1961 370 2013 Verg.
402 1959 478 2002 Ge.
512 1961 589 2002 III.
631 1961 745 2002 552:
779 1960 972 2001 «Pallida
1010 1960 1253 2014 Tisiphone
1291 1959 1470 2003 Morbos
1509 1961 1601 2014 agit
1638 1963 1740 2002 ante

244 2037 545 2090 Metumque».
575 2062 631 2065 —
665 2035 801 2079 Totus
827 2037 868 2078 et
893 2038 1083 2092 arye-nto
1115 2038 1364 2086 contemtu&
1396 2039 1516 2080 totus
1543 2039 1584 2079 et
1610 2050 1739 2088 auro,

245 2115 371 2155 ouius
398 2126 553 2166 sagum
581 2126 688 2154 auro
717 2115 986 2166 argentoque
1013 2113 1181 2154 intexto
1210 2116 1418 2154 ornatum
1445 2116 1523 2155 est.
1542 2138 1601 2141 —
1625 2126 1738 2156 con-

246 2192 407 2239 temtus,
439 2189 490 2230 de
528 2190 711 2230 homine
749 2202 829 2242 pro
856 2191 990 2230 veste.
1019 2213 1077 2217 -—
1102 2189 1461 2244 conspiciendus,
1490 2190 1543 2231 de
1571 2203 1634 2239 e0‚
1663 2191 1740 2244 qui

245 2267 442 2308 vestibus
487 2266 687 2320 pulchris
727 2265 910 2308 indutus
953 2267 1256 2319 spectaculum
1295 2268 1532 2321 pulchrum
1576 2266 1741 2321 praebet

246 2343 517 2392 hominibus
544 2346 594 2384 ut
619 2344 737 2384 infra
761 2343 832 2384 IV.
854 2344 892 2391 6,
916 2344 1056 2385 3—4:
1080 2343 1185 2384 «tibi
1211 2357 1257 2385 se
1283 2344 1512 2385 laetissima
1537 2344 1735 2397 compsit,

248 2418 392 2461 Staret
416 2422 467 2461 ut
493 2424 595 2461 ante
633 2420 737 2461 tuos
773 2420 1089 2474 conspicienda
1126 2422 1270 2463 focos»
1304 2424 1347 2462 et
1377 2421 1432 2462 H.
1463 2421 1500 2470 3,
1528 2421 1610 2462 52:
1644 2420 1738 2461 «In-

247 2495 372 2537 eedat
398 2495 526 2537 donis
552 2496 866 2549 conspicienda
890 2497 1047 2538 meis».

305 2570 355 2613 V.
373 2572 559 2614 71274.
578 2572 706 2614 boves
723 2607 730 2614 .
753 2607 760 2614 .
783 2607 790 2614 .
807 2573 1009 2628 iunyere,
1026 2573 1082 2614 ad
1099 2576 1293 2615 aratrum
1311 2575 1388 2614 aut
1400 2573 1661 2627 plaustrum.
1680 2596 1740 2601 —

246 2647 298 2690 in
322 2646 419 2690 solo
446 2680 454 2689 .
485 2681 493 2688 .
524 2681 531 2688 .
560 2651 725 2702 monte,
763 2649 975 2698 solitario,
1016 2649 1202 2698 deserto,
1230 2652 1280 2690 ut
1316 2650 1433 2690 infra
1456 2647 1528 2690 IV.
1561 2648 1626 2696 13,
1659 2648 1737 2691 12:

253 2724 326 2766 «in
347 2723 455 2766 solis
480 2725 529 2764 tu
564 2724 677 2765 mihi
717 2725 847 2765 turba
886 2725 1039 2774 locis»;
1066 2725 1214 2767 locum
1252 2727 1355 2766 ante
1392 2724 1544 2766 oculos
1582 2723 1738 2766 habuit
