1942 3132
301 211 376 245 ⁶286
861 228 916 256 AD
937 229 985 257 11.
1009 226 1039 265 5,
1067 226 1231 256 71——74.

305 341 559 383 decimviris
585 341 734 385 dicens
761 344 822 384 ait
846 344 1050 385 restituto
1079 343 1297 396 Capitolio
1336 344 1559 386 rettulisse
1586 343 1642 385 ad
1667 358 1792 386 sena-

307 420 403 459 tum
430 417 473 460 C.
504 416 740 460 Curionem
768 421 1005 468 consulem,
1035 422 1084 460 ut
1109 419 1243 473 legati
1260 419 1474 472 Erythras
1498 420 1790 471 mitterentur,

302 496 383 548 qui
410 495 606 536 carmina
633 494 808 548 Sibyllae
835 496 1084 549 conquisita
1109 496 1296 537 Romam
1335 496 1659 549 deportarent».
1686 496 1791 551 Ery-

308 571 419 612 thrae
447 574 594 613 autem
621 573 747 612 erant
785 571 996 625 oppidum
1035 572 1081 613 in
1106 572 1211 613 Asia
1236 572 1284 613 in
1320 572 1450 613 litore
1488 573 1623 614 maris
1648 572 1791 627 Aegaei

302 648 517 689 adversus
568 647 727 690 Chium
776 648 970 690 insulam
1021 649 1166 690 situm.
1210 673 1268 676 Μ
1310 647 1488 691 Phoebo
1538 650 1688 706 grata,
1737 650 1790 691 ef.

306 724 495 766 Pausan.
519 726 570 767 X.
594 727 658 774 12,
681 727 718 767 3.
737 725 789 767 de
806 726 1077 780 Herophila:
1106 725 1250 782 Δήλιοι
1267 726 1312 767 δὲ
1333 728 1403 767 καὶ
1421 723 1545 780 ὕμνου
1572 730 1793 783 μέμνηνται

306 809 378 858 τῆς
420 805 608 855 γυναικὸς
651 802 693 849 ἐς
732 801 975 846 Ἀπόλλωνα.
1019 803 1155 845 Καλεῖ
1194 804 1239 845 δὲ
1280 800 1358 859 οὐχ
1389 800 1616 860 Ἡροφίλην
1657 807 1791 861 μόγον,

309 876 417 919 ἀλλὰ
443 880 514 920 καὶ
553 877 735 935 Ἄρτεμιν
762 878 802 920 ἐν
828 886 912 926 τοῖς
955 879 1089 921 ἔπεσιν
1131 877 1256 936 αὑτὴν
1297 881 1369 921 καὶ
1408 877 1654 926 Ἀπόλλωνος
1695 882 1792 936 γυνὴ

300 958 476 1012 γαμετὴ,
503 958 590 997 τοτὲ
617 955 652 996 δ’
681 954 839 1012 ἀδελφὴ
869 958 938 998 καὶ
965 953 1087 1002 αὖθις
1115 957 1300 1012 θυγάτηρ
1328 958 1450 1012 φησὶν
1477 953 1594 997 εἶναι.
1620 980 1678 983 -
1704 954 1790 998 ad-

305 1033 496 1084 monuit,
536 1035 586 1074 ut
626 1033 712 1075 Cio.
754 1033 851 1074 Nat.
894 1033 972 1074 De.
1014 1033 1068 1074 II.
1118 1034 1224 1075 166:
1275 1034 1439 1074 «multa
1463 1065 1472 1074 .
1503 1065 1512 1074 .
1548 1065 1557 1074 .
1591 1032 1790 1081 ostentis,

305 1109 447 1150 multa
490 1109 599 1150 extis
640 1108 972 1150 admonemur».
1001 1133 1058 1136 -
1090 1107 1320 1163 Quasque,
1360 1109 1539 1162 supple:
1583 1107 1794 1162 quidquid

302 1199 439 1227 saerae
468 1188 606 1227 sortes
633 1185 974 1236 admonuerunt,
1002 1199 1110 1239 quas
1139 1184 1306 1239 Sibylla
1332 1186 1486 1227 Tiburs
1525 1199 1603 1238 per
1627 1186 1793 1227 flumen

305 1262 510 1317 portavit.
549 1287 607 1289 —
644 1261 826 1304 Aniena
872 1274 1029 1304 sacras
1082 1261 1242 1304 Tiburs
1281 1275 1367 1318 per
1409 1262 1605 1317 flumina
1650 1262 1792 1303 sortes

307 1338 509 1382 Portarit
547 1339 663 1381 sicco
697 1338 1024 1393 pertuleritque
1061 1339 1182 1391 sinu,
1208 1352 1301 1381 rem
1340 1339 1468 1381 aliter
1492 1341 1645 1380 narrat
1669 1339 1791 1381 Varr.

302 1415 426 1468 apud
465 1415 665 1456 Laetant.
707 1415 803 1455 Div.
846 1415 954 1456 Inst.
997 1415 1030 1457 Ι.
1074 1416 1113 1464 6,
1161 1416 1237 1456 12:
1272 1415 1509 1456 «decimam
1550 1413 1794 1468 (Sibyllam)

301 1493 531 1534 'Tiburtem
571 1493 752 1533 nomine
790 1492 1048 1541 Albuneam,
1090 1505 1185 1546 quae
1224 1492 1375 1533 Tiburi
1411 1492 1582 1533 colatur
1622 1494 1672 1533 ut
1712 1491 1793 1534 dea

307 1570 427 1610 iuxta
453 1569 571 1622 ripas
596 1569 792 1613 Anienis.
822 1569 947 1610 0111116
985 1569 1032 1609 in
1059 1569 1229 1622 gurgite
1270 1569 1557 1610 simulacrum
1595 1568 1688 1610 eius
1725 1569 1791 1609 in-

304 1648 488 1687 ventum
527 1658 621 1687 esse
661 1645 820 1686 dicitur
857 1648 1014 1686 tenens
1041 1645 1088 1685 in
1113 1658 1251 1686 manu
1286 1645 1461 1693 librum,
1490 1645 1614 1686 0111116
1651 1647 1792 1686 sortes

304 1724 487 1764 senatus
528 1722 577 1762 in
604 1721 873 1775 Capitolium
899 1722 1218 1763 transtulerit».
1248 1722 1373 1774 Quod
1411 1722 1547 1775 igitur
1570 1721 1708 1763 Varro
1741 1721 1792 1763 de

305 1798 544 1840 simulacro
571 1800 733 1846 narrat,
761 1798 971 1839 Albuneae
997 1798 1084 1851 ipsi
1110 1798 1265 1839 tribuit
1290 1798 1501 1840 Tibullus,
1528 1823 1587 1826 ——
1618 1797 1790 1848 Tiburs,

304 1889 363 1917 60,
409 1874 587 1928 Sibylla,
627 1887 733 1916 nam
774 1874 907 1915 etiam
948 1874 1147 1916 Albunea
1190 1874 1366 1928 Sibyllis
1407 1874 1791 1925 adnumerabatur,

304 1954 356 1993 ut
395 1951 533 1993 Varro
574 1952 601 1992 l.
647 1952 675 1992 1.
719 1951 855 1993 docet.
886 1976 942 1978 ψ
969 1950 1172 1994 Portarit
1199 1986 1207 1994 .
1238 1983 1248 1992 .
1274 1985 1284 1993 .
1308 1952 1650 2006 pertuleritque,
1689 1965 1791 1994 con-

305 2028 491 2069 iunctivi
517 2030 621 2069 sunt
648 2027 872 2080 opinantis
891 2029 933 2069 et
951 2028 1148 2069 fabulam
1165 2028 1297 2081 vulgo
1314 2028 1521 2069 traditam
1547 2028 1790 2074 referentis.

304 2118 399 2146 non
425 2106 542 2145 certo
571 2102 845 2145 affirmantis.
877 2103 1083 2146 Ceterum
1109 2105 1161 2146 of.
1191 2103 1341 2146 Senee.
1369 2104 1520 2146 Benef.
1548 2104 1625 2145 ΙΙΙ.
1656 2105 1723 2153 37,
1743 2105 1790 2147 1;

310 2180 506 2221 «Aeneas
532 2179 635 2220 tulit
660 2179 789 2220 illum
816 2194 895 2233 per
920 2180 1045 2233 ignes
1074 2183 1116 2221 et
1142 2213 1151 2222 .
1179 2213 1189 2222 .
1219 2213 1229 2222 .
1257 2180 1481 2234 pertulit».

364 2256 412 2297 V.
443 2257 628 2297 71—74.
658 2254 755 2306 Hae,
786 2269 841 2297 60.
884 2256 1071 2310 Sibyllae.
1100 2283 1157 2285 —
1182 2257 1279 2313 fore
1322 2256 1536 2299 dixerunt
1573 2258 1665 2306 ete„
1705 2270 1791 2299 vsa

304 2332 493 2374 72—78.
524 2332 668 2385 agitur
694 2332 745 2372 de
773 2333 985 2387 prodigiis
1011 2336 1113 2387 post
1138 2336 1326 2375 mortem
1351 2333 1454 2374 Iulii
1482 2332 1665 2375 Caesaris
1686 2333 1792 2375 visis

304 2408 556 2462 bellumque
598 2409 725 2450 civile
765 2409 1146 2462 portendentibus,
1190 2410 1238 2450 in
1281 2409 1438 2463 quibus
1480 2409 1792 2450 enumerandis

303 2485 435 2538 poeta
459 2483 585 2538 Verg.
615 2483 690 2526 Ge.
719 2484 750 2525 Ι.
781 2486 1030 2527 lise-499.
1074 2486 1283 2539 sequitur.
1325 2486 1547 2527 Tibullum
1573 2487 1616 2527 et
1641 2484 1790 2538 Vergi-

303 2562 415 2604 lium
453 2565 555 2603 ante
595 2561 745 2602 oeulos
783 2561 937 2602 habuit
976 2560 1158 2603 Ovidius
1195 2560 1299 2603 Met.
1339 2561 1429 2603 XV.
1458 2562 1555 2603 783.
1583 2574 1688 2614 sqq„
1715 2560 1791 2601 ubi

303 2637 506 2692 prodigia
532 2640 633 2679 ante
659 2639 849 2678 mortem
877 2636 1060 2679 Caesaris
1085 2638 1178 2679 visa
1210 2639 1538 2679 commemorat.
1567 2636 1628 2679 Cf.
1658 2637 1790 2678 etiam

297 2713 460 2756 ,ManiL
486 2714 520 2755 Ι.
549 2714 647 2755 907.
677 2727 767 2767 sqq.
795 2738 852 2741 —
881 2713 985 2755 belli
1023 2713 1150 2756 mala
1187 2713 1322 2770 siqua
1363 2715 1573 2767 cometen,
1597 2714 1791 2754 cometas
