1942 3132
413 719 499 773 IN
539 718 936 773 HONOREM
973 721 1410 775 MESSALINI
1447 721 1662 789 QUIN-

811 808 1261 862 DECIMVIRI.

857 1025 945 1064 Lib.
965 1026 1019 1065 11.
1041 1027 1151 1075 eleg.
1174 1028 1210 1065 5.

347 1167 716 1210 Introductio.
756 1167 1037 1218 Messalinus,
1067 1169 1125 1211 M.
1154 1170 1318 1211 Valerii
1356 1170 1575 1212 Messallae
1604 1170 1782 1212 Corvini

286 1243 406 1285 filius
432 1244 479 1285 in
506 1245 742 1298 collegium
768 1245 1217 1298 quindecimvirorum
1244 1248 1378 1289 sacris
1397 1248 1615 1289 faciundis
1632 1248 1780 1289 libris-

289 1334 371 1374 que
399 1319 627 1374 Sibyllinis
666 1322 955 1375 inspiciendis
982 1325 1212 1376 cooptatus
1240 1326 1306 1365 est
1333 1327 1374 1365 et
1401 1339 1518 1366 nunc
1544 1325 1780 1378 inaugura-

287 1400 371 1438 tur.
399 1397 534 1438 Poeta
571 1398 748 1440 invocat
773 1399 1038 1452 Apollinem,
1080 1404 1130 1440 ut
1155 1401 1305 1441 veniat
1343 1414 1443 1442 cum
1481 1402 1650 1443 cithara
1688 1415 1779 1442 car-

287 1475 569 1528 minibusque
622 1478 664 1516 et
709 1477 863 1517 festive
911 1480 1095 1518 ornatus
1142 1477 1196 1518 ad
1242 1479 1630 1532 inaugurationem
1675 1480 1782 1520 novi

291 1551 530 1593 sacerdotis
557 1552 799 1606 doceatque
818 1566 931 1601 eum,
950 1555 1000 1594 ut
1018 1554 1195 1594 oracula
1221 1554 1435 1595 librorum
1463 1553 1782 1608 Sibyllinorum

290 1628 546 1681 intellegere
575 1632 618 1670 et
643 1631 758 1670 recte
796 1630 1080 1683 interpretari
1118 1631 1261 1684 possit
1287 1633 1476 1683 (1—18).
1506 1631 1673 1685 Sibylla
1700 1631 1781 1674 Cu-

290 1718 436 1753 mana,
476 1718 571 1758 quae
610 1704 836 1748 Romanos
874 1720 1103 1761 nunquam
1145 1708 1355 1749 frustrata
1394 1710 1470 1758 est,
1514 1707 1635 1749 dedit
1675 1709 1783 1749 olim
1864 1757 1867 1759 ,

292 1783 431 1822 sortes
456 1781 616 1823 Aeneae
642 1782 691 1822 in
716 1782 894 1823 Italiam
919 1783 1129 1833 venienti,
1160 1785 1235 1837 qui
1272 1784 1426 1826 relicto
1452 1785 1535 1826 Ilio
1562 1798 1654 1826 non
1692 1797 1782 1825 cre-

290 1857 461 1899 diderat
487 1858 534 1898 in
561 1861 732 1900 tantam
770 1859 1126 1912 magnitudinem
1166 1874 1425 1902 escensuros
1465 1875 1560 1903 esse
1598 1863 1782 1914 nepotes

291 1948 394 1976 suos
441 1936 659 1988 (is—22).
701 1935 927 1989 Digressio
969 1936 1022 1977 de
1063 1937 1219 1978 habitu
1258 1938 1468 1988 locorum,
1512 1938 1588 1980 ubi
1627 1941 1783 1991 postea

290 2011 432 2052 Roma
459 2011 638 2053 condita
664 2013 883 2064 (ΞΒ-38).
914 2011 1122 2066 Sequitur
1146 2014 1407 2055 vaticinium
1432 2015 1579 2068 ipsum
1608 2014 1782 2068 Sibyllae

292 2089 342 2129 de
369 2089 527 2130 Aeneae
566 2089 614 2130 in
646 2089 825 2130 Latium
865 2089 1068 2137 adventu.
1099 2090 1151 2131 de
1178 2091 1348 2144 origine
1374 2091 1525 2133 Romae
1554 2094 1596 2133 et
1621 2091 1674 2133 de
1700 2092 1782 2133 im-

290 2165 414 2217 perio
441 2165 643 2206 Romano
669 2167 813 2206 totum
841 2165 989 2206 orbem
1026 2167 1244 2207 terrarum
1282 2168 1536 2221 amplexuro
1564 2169 1782 2221 (39—66).

290 2241 545 2282 Evenerunt
566 2231 706 2282 ¹etiam
733 2241 923 2282 aliarum
951 2240 1218 2295 Sibyllarum
1243 2243 1452 2285 vaticinia
1478 2243 1530 2285 de
1554 2244 1782 2298 prodigiis,

291 2330 385 2369 quae
412 2331 555 2370 nuper
579 2317 748 2358 bellum
773 2318 901 2358 civile
927 2318 1246 2370 portenderant
1272 2320 1492 2371 (67-78).
1513 2318 1598 2361 Sed
1622 2320 1782 2374 Apollo

290 2394 418 2435 tollat
444 2395 493 2435 in
518 2397 746 2448 posterum
773 2395 1002 2449 prodigia3
1041 2409 1161 2437 nunc
1189 2396 1347 2437 saltem
1372 2397 1420 2437 in
1447 2396 1659 2438 sacrificio
1699 2397 1780 2438 sibi

291 2471 439 2512 oblato
468 2471 664 2524 auspicia
697 2472 837 2512 felicis
877 2473 983 2514 anni
1021 2473 1188 2526 praebet
1213 2474 1384 2527 crepitu
1421 2474 1536 2515 lauri
1562 2475 1780 2526 (79-82).

289 2547 388 2588 Hoc
429 2548 623 2589 transitu
663 2551 818 2601 parato
863 2549 1071 2590 describit
1110 2552 1243 2603 poeta
1281 2551 1397 2592 bona
1434 2550 1567 2592 fausti
1606 2550 1712 2591 anni
1740 2552 1782 2591 et

291 2624 451 2677 gaudia
479 2625 691 2666 festorum
716 2626 984 2667 rusticorum
1002 2628 1251 2680 (83m-100).
1270 2627 1388 2668 Hine
1407 2627 1462 2669 ad
1485 2629 1602 2669 rixas
1629 2640 1780 2668 aman-

289 2701 402 2742 tium
449 2699 634 2742 deducta
679 2702 877 2743 oratione
925 2703 1122 2755 queritur
1166 2704 1220 2745 de
1266 2704 1522 2745 crudelitate
1567 2703 1780 2754 Nemesis,
