1942 3132
875 683 1137 773 DEHA.
1228 740 1230 742 >

993 886 1025 927 I.

831 1031 919 1071 Lib.
949 1032 982 1071 Ῑ.
1012 1031 1123 1080 eleg.
1151 1033 1191 1071 3.

317 1175 691 1218 Introductio.
731 1175 878 1223 Poeta,
920 1176 995 1229 qui
1033 1175 1292 1217 Messallam
1317 1176 1365 1217 in
1404 1175 1632 1218 Orientem
1664 1190 1765 1231 pro.-

253 1252 531 1296 ficiscentem
559 1252 683 1306 sequi
708 1252 863 1300 voluit,
892 1252 1048 1293 morbo
1076 1253 1124 1293 in
1143 1251 1333 1305 Corcyra.
1359 1253 1510 1294 insula
1534 1266 1766 1295 remanere

259 1333 442 1372 coactus
469 1332 659 1372 mortem
687 1330 735 1371 in
761 1330 998 1383 peregrina
1035 1332 1157 1371 terra
1183 1330 1445 1384 deprecatur
1469 1331 1639 1383 (le-9)
1656 1330 1765 1372 Nar-

258 1410 329 1448 rat
356 1419 544 1461 angores
561 1406 712 1456 Deliae,
732 1406 886 1447 amicae
911 1419 1013 1454 suae,
1034 1419 1142 1459 quae,
1163 1419 1264 1446 cum
1291 1408 1465 1447 amator
1490 1406 1585 1447 eius
1611 1406 1766 1448 urbem

259 1484 511 1537 relinquere
549 1483 698 1532 vellet,
739 1482 927 1524 diversis
964 1481 1125 1522 modis,
1149 1481 1255 1523 deos
1293 1482 1521 1523 consuluit
1545 1482 1765 1536 (10—14).

255 1559 463 1601 Tibullus
492 1562 535 1600 et
562 1559 656 1611 ipse
675 1558 792 1599 tristi
819 1558 971 1598 animo
998 1557 1084 1598 iter
1100 1557 1329 1610 ingressus
1348 1560 1415 1600 est
1430 1571 1637 1612 nuncque
1665 1572 1767 1600 eum

259 1636 423 1678 Amore
460 1635 603 1677 invito
644 1633 901 1675 discessisse
939 1633 1124 1686 paenitet
1161 1634 1380 1685 <15—22).
1419 1633 1601 1676 Incusat
1637 1634 1766 1676 deam

263 1711 441 1760 Isidem,
471 1711 589 1765 quod
626 1724 706 1764 pro
732 1711 913 1764 pietate
951 1710 1126 1758 nullam
1167 1710 1389 1751 rettulerit
1414 1710 1551 1751 Deliae
1578 1711 1767 1764 gratiam

262 1789 418 1830 morbo
447 1788 500 1830 ab
529 1791 728 1829 amatore
769 1787 952 1829 defenso
991 1789 1220 1841 rogatque,
1250 1790 1300 1828 ut
1325 1800 1445 1828 nunc
1473 1787 1631 1829 saltem
1671 1801 1766 1830 suc-

256 1868 411 1908 currat
450 1866 534 1907 sibi
574 1866 794 1917 (23—32).
835 1865 1013 1906 Laudat
1048 1879 1190 1907 aureae
1232 1865 1375 1907 aetatis
1415 1866 1699 1907 securitatem
1725 1867 1769 1906 et

263 1957 400 1997 regno
426 1942 546 1984 Iovis
584 1942 795 1996 periculis
832 1942 967 1995 pleno
1008 1942 1196 1995 opponit
1221 1941 1441 1993 (35—50).
1471 1940 1578 1982 Orat
1601 1941 1765 1990 Iovem,

261 2021 313 2060 ut
339 2021 562 2068 servetur;
604 2018 641 2059 si
679 2019 831 2059 tamen
870 2016 985 2058 mori
1022 2019 1216 2070 cogatur,
1246 2016 1536 2070 inscriptione
1576 2017 1767 2071 sepulcri

262 2097 418 2138 testari
443 2095 539 2138 vult
564 2095 722 2136 mortis
748 2107 931 2136 causam
955 2093 1134 2136 fidelem
1162 2107 1265 2147 erga
1282 2082 1541 2135 Messallam
1567 2094 1768 2135 animum

266 2172 403 2213 fuisse
442 2171 663 2222 (51—56).
704 2170 881 2214 Interea
913 2171 1172 2212 consolatur
1214 2183 1258 2211 se
1301 2183 1450 2211 rerum
1489 2169 1767 2211 infernarum

259 2248 563 2299 cogitatione:
612 2248 659 2288 in
705 2246 909 2301 Elysium
961 2261 1005 2289 se
1053 2251 1291 2289 venturum
1338 2249 1486 2300 sperat
1532 2246 1767 2300 sedemque

267 2325 501 2367 beatorum
539 2325 750 2366 describit
775 2326 997 2377 (57—66).
1025 2324 1178 2378 Elysio
1219 2324 1408 2378 opponit
1432 2323 1663 2364 Tartarum
1690 2335 1767 2376 op-

267 2405 381 2450 tans,
410 2403 460 2442 ut
497 2402 681 2450 inimici,
712 2403 785 2455 qui
825 2401 960 2443 fidem
986 2401 1124 2442 Deliae
1162 2401 1428 2443 labefactare
1453 2399 1688 2448 voluerint,
1715 2411 1766 2440 eo

260 2478 508 2520 deveniant
533 2479 752 2530 (67—82).
793 2479 846 2519 In
884 2478 973 2520 fine
1012 2479 1175 2520 oblitus
1213 2478 1401 2532 periculi
1437 2476 1604 2518 reditus
1642 2488 1768 2529 spem

262 2554 464 2608 concipit
488 2555 785 2608 proponitque
815 2556 964 2596 animo
992 2535 1111 2597 (liem
1137 2555 1266 2596 illum
1292 2554 1480 2602 felicem,
1508 2566 1594 2607 quo
1620 2552 1670 2593 in
1693 2566 1765 2594 ur-

268 2631 371 2676 bem
396 2644 597 2673 reversus
625 2633 668 2671 et
695 2631 749 2672 ad
775 2632 950 2673 Deliam
988 2633 1164 2674 intrans
1191 2645 1289 2674 eam
1316 2630 1490 2672 obviam
1516 2632 1767 2671 currentem

263 2709 502 2751 habiturus
529 2707 587 2749 sit
610 2708 830 2759 (83—94).
