1942 3132
726 251 784 281 m
803 250 861 280 1v.
883 248 918 290 s,
943 248 1108 281 15—20.
1598 235 1668 271 223

171 372 310 414 nai-iis
341 372 465 414 mille
503 384 595 413 non
635 372 811 424 poterat
843 369 944 411 emi.
984 368 1081 410 Hac
1112 367 1158 410 P.
1198 355 1417 409 Lentulus
1457 367 1669 422 Spinther

171 447 313 490 aedilis
338 448 504 490 curulis
527 447 700 502 primus
730 447 778 488 in
809 448 1020 500 praetexta
1056 458 1166 487 usus
1203 444 1581 499 improbabatur».
1611 470 1662 473 —

172 523 510 580 Possideatque,
552 523 679 567 metit
717 522 942 580 quidquid
970 522 1079 567 bene
1104 522 1330 566 olentibus
1355 522 1480 566 arvis
1510 520 1670 565 Cultor

174 601 377 645 odoratae
402 600 526 645 dives
553 600 704 644 Arabs
728 600 899 655 seqetis.
934 601 986 643 cf.
1016 601 1134 642 infra
1159 601 1215 642 Π.
1245 602 1283 651 2,
1314 601 1456 642 3——42
1502 600 1667 642 «Uran-

171 682 245 721 tur
268 680 344 734 pia
368 682 468 721 tura
493 678 614 728 focis,
643 680 831 720 urantur
856 677 1026 727 odores,
1055 674 1178 727 Quos
1203 677 1332 718 tener
1348 690 1371 718 e
1389 678 1507 718 terra
1533 676 1668 717 divite

172 756 312 798 mittit
344 755 524 798 Arabs».
552 779 609 783 -—
636 753 778 806 metit,
817 753 974 796 eodem
999 754 1132 796 verbo
1170 753 1312 795 utitur
1350 753 1403 795 de
1441 753 1554 794 turis
1581 753 1668 794 col-

152 833 362 876 'lectione
387 832 500 874 Plin.
527 832 578 874 N.
606 831 661 874 H.
690 831 788 873 XII.
817 833 887 874 54.
917 833 961 873 et
986 832 1070 880 58;
1093 830 1320 872 Tibullum
1338 830 1541 872 imitatur
1558 828 1667 872 Stat.

175 908 279 952 Silv.
306 909 356 951 V.
397 911 434 959 3,
463 910 546 952 43:
592 909 823 952 «odoratas
860 922 943 951 nec
981 909 1120 950 Arabs
1159 908 1356 962 decerpit
1381 908 1669 950 aristas»..—

176 984 335 1030 Cultor
357 985 560 1030 odoratae
585 985 708 1029 dives
748 984 901 1029 Arabs
927 986 1099 1042 segetis,
1135 985 1306 1028 Arabiae
1332 999 1435 1040 pars
1462 985 1670 1027 meridio-

173 1066 300 1116 nalis,
337 1079 433 1120 quae
471 1065 633 1107 Arabia
669 1065 796 1107 Felix
820 1064 1071 1114 vocabatur,
1102 1066 1197 1105 erat
1221 1063 1366 1117 patria
1392 1063 1601 1104 arborum
1628 1066 1672 1104 et

173 1141 379 1184 fruticum
407 1141 703 1192 odoratorum,
733 1141 953 1195 praecipue
980 1140 1093 1182 turis
1117 1142 1160 1181 et
1181 1153 1342 1181 murrae
1357 1154 1368 1189 ;
1396 1140 1449 1181 cf.
1477 1139 1589 1181 Plin.
1618 1140 1668 1182 N.

173 1218 230 1261 H.
256 1218 306 1261 V.
335 1219 414 1261 65:
448 1218 710 1270 «(Arabiam)
736 1217 1003 1260 odoriferam
1030 1217 1154 1271 illam
1182 1230 1232 1258 ac
1259 1215 1440 1269 divitem
1463 1219 1505 1258 et
1533 1216 1670 1258 beatae

175 1295 440 1351 cognomine
466 1295 707 1337 inclutam»
729 1309 739 1344 ;
768 1294 887 1337 Curt.
915 1294 964 1336 V.
1000 1296 1032 1343 1,
1079 1295 1157 1336 11:
1191 1293 1403 1336 «odorum
1443 1293 1671 1335 fertilitate

172 1372 337 1416 nobilis
354 1372 500 1426 regio»
524 1386 535 1421 ;
562 1371 689 1427 Prop.
709 1372 788 1414 ΙΙΙ.
813 1373 876 1423 13,
897 1373 924 1415 8
941 1388 950 1414 :
979 1372 1134 1413 «multi
1150 1374 1304 1426 pastor
1321 1370 1471 1414 odoris
1487 1371 1670 1413 Arabs».

172 1475 231 1481 —
258 1448 433 1499 Cultor,
458 1449 589 1491 arbor
614 1451 727 1492 turis
753 1453 912 1504 sponte
939 1449 1118 1504 quidem
1150 1450 1361 1500 nascitur,
1402 1452 1553 1492 tamen
1580 1450 1672 1491 cul·

173 1530 274 1571 tura
299 1527 490 1582 quadam
524 1530 621 1582 eget
648 1527 865 1582 debetque
903 1530 1052 1569 cortex
1090 1527 1185 1568 eius
1228 1541 1391 1582 magna
1429 1540 1531 1569 cum
1568 1540 1674 1568 cura

175 1588 323 1656 incidi,
351 1607 403 1647 ut
426 1607 499 1646 tus
524 1604 708 1654 effluat:
735 1605 787 1646 cf.
816 1604 927 1646 Plin.
957 1603 1006 1646 N.
1026 1603 1082 1646 H.
1111 1603 1208 1646 ΧΠ.
1237 1605 1426 1646 59----60.
1455 1603 1675 1646 Inciditur

129 1703 134 1708 ·
176 1683 311 1724 etiam
335 1696 498 1732 murra,
527 1684 578 1724 ut
602 1682 715 1724 Plin.
744 1681 848 1723 ibid.
874 1683 943 1724 68.
968 1681 1106 1723 docet.
1136 1706 1191 1709 —
1220 1680 1423 1724 odoratae
1445 1714 1455 1723 .
1481 1714 1490 1723 .
1515 1714 1525 1723 .
1553 1693 1672 1738 seye-

180 1758 254 1814 tis,
276 1762 328 1802 ut
352 1773 487 1813 supra
511 1759 544 1801 L
575 1760 612 1809 3,
643 1761 729 1801 61:
762 1759 873 1800 «fert
910 1759 1077 1800 casiam
1115 1772 1210 1800 non
1248 1759 1368 1800 culta
1407 1772 1589 1812 segem:
1618 1759 1671 1799 cf.

178 1835 278 1879 adn.
306 1835 362 1878 ad
387 1837 430 1878 h.
457 1837 486 1878 l.
514 1860 572 1864 —
597 1835 721 1879 dives
748 1833 915 1885 Arabs,
942 1834 1106 1877 divitiae
1132 1834 1302 1876 Arabiae
1318 1834 1480 1876 Felicis
1507 1835 1555 1876 in
1572 1848 1673 1888 pro-

177 1913 379 1956 verbium
418 1913 625 1955 abierunt
662 1911 780 1966 apud
816 1911 1074 1960 Romanos:
1113 1911 1166 1953 cf.
1209 1911 1316 1953 Hor.
1357 1910 1500 1953 Carm.
1540 1911 1573 1952 Ι.
1603 1911 1670 1960 29,

182 1993 321 2034 1-—22
366 1991 533 2032 «beatis
571 2003 690 2031 nunc
729 1989 922 2031 Arabum
961 1988 1132 2031 invides
1173 1987 1330 2031 Gazis»
1376 1991 1420 2030 et
1456 1988 1534 2043 Ep.
1571 1988 1603 2030 Ι.
1633 1989 1670 2038 7,

180 2069 379 2112 35—36:
425 2081 531 2109 «nec
569 2066 671 2109 Otia
708 2066 875 2108 divitiis
915 2067 1110 2108 Arabum
1147 2066 1376 2108 liberrima
1413 2069 1582 2108 muto».
1616 2091 1674 2094 ——

177 2146 309 2201 ἠὗρεν
329 2178 339 2187 .
364 2177 374 2186 .
398 2178 408 2186 .
437 2142 590 2194 Indus,
621 2144 713 2186 sole
740 2143 950 2192 adustus:
977 2144 1030 2185 cf.
1059 2144 1175 2185 infra
1201 2143 1256 2185 ΙΙ.
1278 2143 1316 2188 3.
1346 2145 1546 2186 55——561
1579 2156 1674 2185 «co-

179 2223 312 2265 mites
338 2222 462 2271 fusci,
493 2234 604 2276 quos
630 2221 758 2262 India
785 2224 932 2270 torret,
964 2220 1080 2262 Solis
1108 2223 1151 2262 et
1175 2220 1367 2262 admotis
1389 2219 1532 2262 inficit
1557 2220 1674 2274 ignis

180 2289 347 2355 equis».
390 2325 447 2328 -
489 2298 631 2342 rubro
674 2297 727 2342 de
772 2298 898 2342 litore
944 2310 1150 2355 gemmas
1173 2331 1182 2340 .
1207 2331 1216 2340 .
1241 2331 1251 2339 .
1301 2297 1474 2354 colligit
1516 2295 1673 2347 Indus,

179 2377 417 2420 credebant
443 2376 617 2431 antiqui
640 2375 774 2417 undis
805 2376 943 2417 maris
981 2374 1118 2417 Rubri
1148 2375 1230 2416 eici
1256 2375 1427 2429 lapides
1454 2375 1675 2429 pretiosos

179 2456 410 2509 (gemmas)
436 2457 479 2496 et
504 2452 777 2506 margaritas,
807 2466 918 2507 quas
943 2452 1357 2507 Indissolligerenm
1391 2452 1443 2493 cf.
1471 2452 1592 2493 infra
1617 2451 1673 2492 H.

181 2532 220 2582 2,
254 2532 452 2573 15—16:
486 2543 786 2584 «gemmarum
813 2529 1028 2585 quidquid
1060 2530 1264 2572 felicibus
1291 2529 1415 2571 Indis
1453 2528 1670 2577 Nascitur,

182 2609 252 2651 eoi
283 2622 371 2663 qua
395 2608 531 2650 maris
560 2606 679 2649 unda
701 2606 884 2657 rubet»;
912 2607 1030 2650 Curt.
1058 2607 1159 2649 Ruf.
1188 2606 1305 2648 VIII.
1334 2607 1372 2654 9,
1406 2605 1485 2647 19:
1531 2617 1673 2658 «gem-

179 2697 276 2728 mas
302 2685 652 2739 margaritasque
678 2697 801 2726 mare
825 2685 1040 2737 (rubrum)
1056 2684 1106 2725 in
1131 2684 1239 2725 litus
1264 2680 1486 2724 infundit»
1507 2695 1517 2730 3
1546 2680 1672 2734 Prop.

183 2760 262 2805 ΠΙ.
293 2763 359 2812 16,
393 2763 470 2805 17:
505 2761 714 2815 «Semper
739 2761 786 2802 in
813 2761 1039 2804 Oceanum
1065 2761 1205 2802 mittit
1230 2773 1301 2801 me
1335 2771 1529 2812 quaerere
1557 2770 1675 2811 gem-
