1942 3132
748 243 806 274 Α»
826 243 876 273 11.
897 241 934 282 e,
959 240 1124 272 15—24.
1615 226 1686 263 ²53

187 365 351 406 fatetur
376 364 528 407 Laesus
554 366 598 406 et
632 362 786 405 invitis
823 361 920 415 ipse
957 359 1072 402 redit
1109 359 1339 414 pedibus»,
1368 373 1500 414 quem
1537 360 1685 403 locum

185 441 387 483 Tibullus
413 443 517 483 ante
543 439 696 483 oculos
719 437 928 480 habuisse
954 436 1143 482 videtur.

245 516 296 559 V.
327 518 514 560 15—18.
528 516 647 559 Acer
662 513 821 566 Amor,
851 513 1025 571 fractas
1047 513 1230 557 utinam
1257 515 1338 556 tua
1364 513 1455 556 tela
1479 512 1685 570 saqittas,

186 592 238 636 Si
265 593 380 648 licet,
403 593 653 637 exstinctas
677 591 993 648 aspiciamque
1016 590 1157 648 faces,
1181 593 1232 633 ut
1255 591 1374 633 infra
1398 590 1455 633 IL
1479 592 1518 640 5,
1542 591 1686 633 105—

190 672 299 713 106:
331 670 466 713 «Pace
490 673 568 712 tua
604 671 790 724 pereant
820 682 949 711 arcus
986 671 1257 723 pereantque
1297 668 1480 722 sagittae,
1507 667 1682 718 Phoebe,

184 729 318 790 modo
358 747 404 788 in
441 747 573 789 terris
605 748 722 788 erret
758 746 944 788 inermis
981 746 1160 788 Amor».
1189 744 1253 788 cf.
1282 744 1360 787 Ov.
1387 747 1485 787 Am.
1523 743 1603 786 ΠΙ.
1642 745 1683 793 9,

185 825 314 867 7-8.
356 823 410 866 de
449 823 611 865 Amore
652 822 878 865 Tibullum
918 823 1125 877 lugente:
1173 822 1308 865 «Ecce
1347 835 1461 876 puer
1498 820 1686 863 Veneris

184 902 270 943 fert
307 913 594 955 eversamque
630 901 887 955 pharetram
911 900 969 942 Et
1005 901 1169 942 fractos
1206 913 1334 942 arcus
1374 901 1419 941 et
1455 899 1551 941 sine
1586 898 1685 941 luce

184 979 367 1021 facem».
387 1002 446 1007 ——
462 976 581 1021 Acer
605 977 765 1032 Amor,
788 980 841 1020 ut
866 992 1001 1033 supra
1025 978 1098 1021 IV.
1118 979 1157 1028 Ξ,
1177 980 1230 1028 6;
1257 979 1310 1019 cf.
1330 976 1430 1019 adn.
1450 976 1507 1019 ad
1523 977 1566 1018 h.
1580 976 1608 1018 L
1627 1000 1687 1004 ——

183 1055 274 1099 tela
313 1056 525 1111 sayittas,
563 1057 615 1098 ut
655 1054 732 1098 Ov.
774 1054 882 1098 Met.
923 1055 980 1098 IL
1029 1057 1141 1099 616:
1181 1054 1309 1097 «Odit
1336 1087 1347 1097 .
1373 1087 1383 1097 .
1413 1087 1423 1096 .
1450 1053 1686 1096 temeraria

182 1132 284 1182 tela,
320 1133 526 1187 sagittas»
558 1135 603 1174 et
638 1132 746 1175 ibid.
786 1132 906 1175 XIII.
934 1134 1048 1176 401:
1087 1134 1274 1175 «referat
1310 1132 1544 1186 Tirynthia
1579 1131 1681 1181 tela,

182 1210 410 1265 sagittam.
438 1235 498 1239 -—
521 1209 744 1267 nefanda,
767 1210 902 1253 verba
939 1211 1078 1265 impia
1115 1211 1164 1252 in
1196 1209 1314 1261 deos,
1342 1213 1395 1253 ut
1420 1223 1554 1264 supra
1580 1208 1615 1250 L
1643 1209 1683 1258 3,

181 1288 252 1330 52.
281 1291 325 1330 et
349 1286 422 1330 IV.
445 1288 486 1337 4,
519 1288 586 1330 14.

240 1363 291 1406 V.
322 1365 509 1407 19—24.
538 1361 668 1420 Spes,
692 1364 775 1406 dea
799 1365 870 1416 (cf.
888 1365 1006 1407 infra
1030 1378 1094 1406 vs.
1124 1365 1209 1418 28),
1235 1367 1287 1406 ut
1309 1378 1444 1418 supra
1459 1363 1494 1406 I.
1516 1365 1552 1414 1,
1571 1364 1611 1405 9.
1626 1387 1685 1391 —

178 1441 276 1497 fore
308 1453 413 1484 cras
453 1453 631 1497 semper
667 1441 734 1485 ait
770 1441 951 1496 melius,
975 1445 1027 1485 ut
1051 1442 1234 1485 Theocr.
1260 1442 1334 1484 IV.
1360 1442 1564 1484 41—42:
1588 1438 1682 1497 τάχ’

182 1515 323 1581 αὔριον
349 1516 484 1561 ἔσσετ’
511 1517 693 1575 ἄμεινον.
721 1516 910 1567 Ἐλπίδες
938 1517 980 1561 ἐν
1005 1521 1182 1569 ζωοῖσιν,
1209 1517 1441 1562 ἀνέλπιστοι
1467 1518 1514 1560 δὲ
1535 1519 1684 1560 θανόν-

182 1611 264 1644 τες.
294 1621 352 1625 ——
390 1595 532 1640 sulcis
574 1595 715 1640 eredit
755 1597 904 1640 aratis
947 1595 1152 1652 Semina,
1193 1611 1295 1654 quae
1318 1608 1489 1654 magno
1528 1594 1684 1651 fenore

183 1671 346 1715 reddat
385 1684 510 1728 aye‘r,
546 1685 653 1714 nam
693 1673 910 1727 agricolae,
949 1676 1001 1716 ut
1040 1673 1127 1716 Cic.
1155 1674 1221 1716 De
1263 1675 1426 1716 senect.
1455 1674 1525 1715 51.
1552 1670 1683 1712 dicit:

188 1748 379 1791 «habent
404 1781 414 1791 .
442 1782 452 1791 .
482 1782 492 1791 .
520 1749 741 1792 rationem
782 1763 884 1792 cum
923 1753 1054 1801 terra,
1097 1765 1194 1806 quae
1240 1764 1472 1805 nunquam
1511 1750 1685 1791 recusat

182 1827 499 1868 commercium
524 1840 607 1868 nec
631 1840 830 1881 unquam
863 1828 960 1869 sine
998 1841 1135 1870 usura
1174 1828 1330 1877 reddit,
1359 1827 1477 1882 quod
1502 1826 1679 1880 accepit,

182 1902 260 1944 sed
285 1903 395 1945 alias
432 1903 617 1953 minore,
645 1904 908 1959 plerumque
945 1905 1114 1947 maiore
1153 1919 1254 1948 eum
1292 1906 1490 1947 fenore».
1515 1904 1684 1946 Locum

182 1981 399 2035 expressit
425 1979 503 2023 Ov.
529 1980 654 2023 Rem.
691 1982 950 2025 173—174:
983 1981 1154 2025 «Obrue
1179 1985 1355 2025 versata
1388 1981 1579 2025 Cerialia
1615 1994 1682 2023 se-

181 2059 305 2100 mina
330 2061 459 2109 terra,
479 2058 585 2111 Quae
606 2059 689 2101 tibi
713 2072 815 2101 cum
840 2073 1004 2115 magno
1031 2061 1184 2103 fenore
1211 2060 1367 2103 reddat
1392 2073 1520 2114 ager»
1551 2062 1596 2101 et
1618 2058 1684 2100 Ex

180 2135 308 2178 Pont.
335 2135 371 2177 Ι.
398 2137 439 2184 5,
468 2137 550 2179 26:
584 2136 664 2178 «Et
685 2139 782 2179 sata
806 2150 909 2179 cum
933 2137 1077 2180 multo
1104 2139 1256 2180 fenore
1283 2136 1427 2180 reddit
1452 2150 1598 2191 ager».
1624 2160 1684 2164 —-

181 2211 320 2255 credit
345 2246 354 2254 .
384 2247 392 2254 .
423 2246 433 2255 .
468 2211 673 2269 Semina,
719 2216 787 2256 est
832 2214 953 2256 enim
992 2215 1186 2269 agricola
1222 2218 1454 2270 tamquam
1494 2213 1684 2256 creditor

181 2280 279 2342 agri
292 2304 303 2338 ;
343 2289 395 2330 cf.
425 2287 503 2330 Ov.
541 2289 592 2331 A.
618 2290 667 2332 A.
706 2290 743 2332 L
781 2292 894 2334 401:
928 2291 1040 2334 «Nec
1078 2306 1255 2348 semper
1291 2292 1511 2335 credenda
1548 2291 1679 2334 Ceres

181 2364 416 2407 fallacibus
453 2365 614 2408 arvis».
641 2391 700 2396 —
725 2379 895 2425 maqno
920 2367 1078 2425 fenore
1106 2368 1287 2425 reddat,
1312 2372 1380 2412 est
1420 2370 1542 2411 enim
1578 2381 1683 2422 ager

180 2441 355 2484 debitor
379 2442 594 2496 agricolae,
622 2447 673 2486 ut
709 2444 828 2486 infra
851 2444 910 2488 Π.
938 2447 976 2497 3,
1005 2447 1207 2489 61—62:
1241 2447 1320 2489 «At
1355 2446 1439 2489 tibi
1465 2479 1476 2489 .
1502 2479 1513 2489 .
1541 2479 1552 2489 .
1577 2446 1680 2488 Per-

180 2519 328 2561 solvat
363 2519 491 2561 nulla
529 2522 702 2563 semina
727 2523 844 2564 terra
873 2521 1004 2565 fide».
1029 2547 1089 2552 —
1114 2522 1226 2568 Hoec
1265 2524 1427 2581 laqueo
1462 2523 1683 2577 volucres,

181 2593 274 2639 haec
313 2598 466 2651 captat
504 2596 733 2641 arundine
763 2598 930 2655 pisces,
953 2599 1103 2642 locum
1128 2601 1345 2656 expressit
1370 2600 1448 2644 Ov.
1473 2600 1580 2643 Her.
1611 2602 1677 2649 18,

183 2673 262 2715 13:
296 2672 446 2715 uNunc
472 2673 699 2716 volucrem
736 2675 909 2730 laqueo,
937 2689 1058 2719 nunc
1094 2678 1264 2732 piscem
1302 2678 1463 2721 ducitis
1501 2679 1677 2729 hamo»,

178 2748 228 2791 A.
254 2750 305 2792 A.
330 2749 388 2792 Π.
417 2751 488 2793 77.
516 2754 561 2793 et
584 2750 691 2794 Met.
717 2751 836 2795 VIII.
862 2754 975 2797 217:
999 2756 1215 2797 ‘tremula
1240 2755 1349 2798 dum
1374 2758 1523 2810 captat
1547 2767 1677 2797 arun-
