1942 3132
850 199 907 230 An
926 200 984 230 Π.
1009 197 1066 229 ιο.
1628 181 1707 217 -215

921 341 998 383 111.

744 470 832 510 Lib.
861 469 933 509 lv.
961 469 1071 519 eleg.
1104 469 1165 508 10.

271 615 641 661 Introductio.
689 614 888 669 Sulpicia
927 613 1237 656 infidelitatem
1285 612 1420 654 obicit
1466 611 1704 654 Cerintho:

213 697 463 752 suspicatur
488 694 615 742 enimv
635 706 736 735 eum
764 706 789 734 a
814 691 967 747 puella
983 691 1176 746 quadam
1192 690 1365 744 vulgari
1393 702 1489 730 esse
1511 691 1701 742 captum.

213 776 356 828 Quare
383 786 553 816 memor
577 770 827 813 nobilitatis
855 782 944 811 suae
962 772 1211 811 amatorem
1236 767 1319 809 hac
1338 765 1532 821 epistula
1550 765 1707 807 acerba

211 866 312 894 cum
329 850 474 894 ironia
493 849 644 903 carpit.

270 929 318 970 V.
352 927 476 970 1--6,
513 923 710 969 Gratum
735 926 813 974 est,
842 935 1030 967 securus
1057 922 1255 966 multum
1277 919 1399 977 quod
1423 921 1521 964 iam
1549 919 1631 963 tibi
1651 918 1707 962 de

211 1019 282 1049 me
306 1002 551 1053 permittis,
579 1002 729 1046 subito
755 1015 813 1045 ne
837 1000 959 1044 male
983 1000 1140 1056 inepta
1156 997 1334 1049 cadam,
1355 1011 1514 1040 sensus
1532 997 1706 1039 estsere

210 1084 315 1126 talis
333 1099 343 1126 ε
368 1084 543 1136 gratum
570 1083 638 1123 est
657 1080 784 1130 mihi,
804 1079 922 1134 quod
942 1082 1004 1125 tu,
1023 1079 1076 1121 de
1093 1092 1165 1121 me
1183 1079 1273 1121 iam
1294 1078 1488 1120 multum
1510 1089 1705 1126 securus,

210 1161 291 1203 tibi
326 1159 562 1214 permittis,
602 1172 708 1200 nam
746 1158 841 1199 haec
878 1156 1120 1199 infidelitas
1159 1160 1238 1199 tua
1274 1169 1346 1198 me
1386 1153 1613 1208 impediet,
1648 1167 1706 1195 ne

209 1239 361 1292 inepto
404 1249 553 1279 amore
592 1236 776 1290 abrepta
812 1249 884 1277 me
922 1237 1064 1277 totam
1101 1234 1184 1276 tibi
1220 1233 1408 1276 tradam.
1449 1233 1547 1274 Iam
1584 1233 1706 1274 enim

209 1315 352 1357 voluit
376 1313 545 1369 pudore
569 1313 762 1368 puellari
789 1313 959 1355 abiecto
982 1313 1031 1354 in
1049 1312 1278 1367 amplexus
1303 1312 1368 1353 ire
1396 1309 1609 1360 Cerinthi‚
1630 1309 1707 1351 sed

208 1405 328 1433 nunc
352 1390 474 1433 videt
500 1403 601 1432 eum
633 1403 725 1432 non
753 1403 849 1432 esse
891 1388 1075 1444 dignum
1112 1403 1298 1431 munere
1323 1391 1463 1430 tanto.
1491 1412 1549 1416 —
1580 1385 1703 1430 Gra-

211 1471 308 1511 tum
334 1470 410 1521 est,
437 1481 493 1510 sc.
522 1468 636 1509 mihi
651 1482 662 1517 ;
688 1468 856 1509 ironice
883 1467 1062 1509 dictum.
1093 1492 1150 1496 —--
1177 1478 1364 1510 securus
1390 1465 1588 1509 multum
1615 1499 1623 1507 .
1654 1499 1662 1506 .
1696 1498 1706 1508 .

207 1545 262 1588 de
287 1558 371 1596 me,
400 1545 454 1587 de
481 1559 632 1588 amore
658 1558 759 1587 meo
776 1545 904 1587 valde
932 1558 1125 1595 securus,
1154 1545 1180 1586 i.
1211 1558 1246 1586 e.
1277 1543 1504 1586 confidens
1525 1546 1569 1585 te
1592 1556 1705 1585 ame

207 1627 442 1678 tantopere
464 1623 618 1672 amari,
646 1626 696 1665 ut
717 1636 774 1664 ne
800 1621 1041 1664 infidelitas
1068 1621 1247 1676 quidem
1274 1624 1351 1663 tua
1378 1634 1449 1663 me
1492 1634 1516 1662 a
1550 1623 1593 1661 te
1632 1621 1706 1664 ab·

209 1701 404 1743 alienare
415 1700 568 1755 possit.
588 1699 653 1743 Cf.
669 1699 746 1743 Ov.
756 1701 854 1743 Am.
872 1700 930 1742 II.
947 1701 1011 1750 19,
1026 1701 1102 1742 37:
1126 1700 1206 1742 «At
1215 1702 1277 1749 tu,
1292 1700 1496 1740 formosae
1514 1698 1707 1739 nimium

209 1790 362 1819 secure
378 1777 562 1831 puellae»
573 1809 583 1818 .
598 1801 655 1805 —
668 1777 790 1819 ‘male
799 1777 971 1833 inepta,
985 1777 1138 1831 inepto
1155 1790 1258 1830 erga
1274 1779 1318 1817 te
1333 1789 1481 1818 amore
1502 1776 1705 1830 abrepta;

209 1854 261 1896 cf.
292 1867 428 1908 supra
454 1854 546 1896 Tib.
575 1854 607 1896 I.
636 1855 677 1904 4,
707 1856 790 1897 24:
830 1855 1049 1896 «Iurasset
1087 1854 1246 1909 cupide
1286 1853 1499 1909 quidquid
1525 1855 1706 1908 ineptus

209 1943 375 1972 amor».
405 1928 525 1973 Male
551 1930 635 1972 hoc
671 1930 770 1973 loco
809 1933 941 1985 auget
979 1930 1353 1985 significationem
1379 1929 1502 1971 verbi
1529 1929 1703 1979 adiecti,

207 2010 258 2050 ut
282 2006 390 2049 Hor.
421 2005 509 2049 Sat
538 2007 572 2050 Ι.
603 2009 639 2058 3,
673 2009 877 2051 45-46;
910 2008 1051 2050 «male
1077 2022 1240 2063 parvus
1267 2007 1313 2050 Si
1353 2008 1425 2049 cui
1461 2006 1582 2049 filius
1609 2010 1700 2049 est»

209 2090 253 2129 et
279 2085 438 2129 Catull.
474 2087 538 2136 10,
569 2087 650 2129 33:
698 2085 810 2128 «Sed
835 2089 886 2128 tu
910 2086 1084 2129 insulsa
1108 2087 1228 2128 male
1256 2100 1305 2128 ac
1331 2086 1523 2128 molesta
1548 2086 1702 2127 vivis».

207 2188 265 2192 -—
292 2162 470 2214 cadam,
498 2177 570 2206 me
601 2163 682 2207 tibi
720 2163 890 2215 dedam,
933 2164 1014 2206 tibi
1054 2164 1351 2213 succumbam,
1392 2164 1590 2218 corporis
1615 2164 1705 2205 mei

207 2241 384 2295 copiam
411 2241 494 2283 tibi
519 2242 693 2290 faciam,
721 2243 772 2284 ut
796 2241 938 2284 Plaut.
967 2242 1085 2284 Pers.
1114 2241 1186 2284 IV.
1220 2243 1262 2293 4,
1295 2243 1388 2284 105.
1417 2239 1487 2293 (de
1512 2241 1706 2295 puella):

213 2318 301 2359 «Ne
328 2318 389 2359 sis
414 2318 555 2372 plora,
580 2318 720 2361 libera
747 2320 833 2362 eris
860 2322 1070 2370 actutum,
1092 2320 1129 2362 si
1147 2319 1298 2361 crebro
1316 2318 1469 2360 cades»
1491 2321 1534 2360 et
1552 2317 1704 2360 Senec.

207 2393 416 2437 Controv.
434 2394 468 2437 L
490 2395 528 2443 3,
549 2395 601 2437 7:
634 2398 839 2450 «putares
864 2396 1062 2451 puellam
1085 2396 1272 2447 demitti,
1301 2409 1394 2438 non
1421 2396 1619 2438 cadere».
1647 2421 1705 2425 —-

207 2484 321 2515 cura
342 2474 468 2528 toyae,
498 2485 625 2514 amor
649 2486 754 2527 erga
790 2475 1080 2525 meretricem,
1118 2487 1223 2517 nam
1261 2474 1516 2516 meretrices
1553 2477 1704 2528 togam

207 2548 422 2601 gerebant
435 2563 446 2599 ς
485 2550 539 2591 cf.
580 2548 680 2592 adn.
720 2549 775 2591 ad
812 2549 846 2592 L
886 2551 926 2600 6,
963 2551 1165 2594 67—68:
1210 2553 1437 2606 «quamvis
1475 2566 1568 2594 non
1594 2553 1706 2595 vitta.

206 2625 368 2679 ligatos
395 2626 616 2681 Impediat
646 2627 804 2677 crines,
839 2640 922 2670 nec
963 2628 1080 2671 stola
1116 2629 1251 2683 longa
1291 2629 1469 2683 pedes».
1497 2654 1553 2658 —-
1576 2642 1704 2684 pres—

207 2713 396 2759 sumque
422 2701 623 2759 quasillo
650 2706 864 2757 scortum,
902 2706 1121 2757 meretrix,
1164 2720 1260 2761 quae
1299 2706 1406 2748 olim
1446 2710 1540 2748 erat
1579 2720 1704 2748 serva
