<?xml version="1.0" encoding="UTF-8"?>
<!DOCTYPE html PUBLIC "-//W3C//DTD XHTML 1.0 Transitional//EN"
    "http://www.w3.org/TR/xhtml1/DTD/xhtml1-transitional.dtd">
<html xmlns="http://www.w3.org/1999/xhtml" xml:lang="en" lang="en">
 <head>
  <title>
</title>
<meta http-equiv="Content-Type" content="text/html;charset=utf-8" />
  <meta name='ocr-system' content='tesseract 3.04.00' />
  <meta name='ocr-capabilities' content='ocr_page ocr_carea ocr_par ocr_line ocrx_word'/>
</head>
<body>
  <div class='ocr_page' id='page_1' title='image "./carminaaccedunts00tibuuoft_0169.png"; bbox 0 0 1942 3132; ppageno 0'>
   <div class='ocr_carea' id='block_1_1' title="bbox 794 198 1730 251">
    <p class='ocr_par' dir='ltr' id='par_1_1' title="bbox 794 198 1730 251">
     <span class='ocr_line' id='line_1_1' title="bbox 794 198 1730 251; baseline 0.001 -9"><span class='ocrx_word' id='word_1_1' title='bbox 794 212 852 242; x_wconf 75' lang='lat' dir='ltr'>m</span> <span class='ocrx_word' id='word_1_2' title='bbox 871 211 902 242; x_wconf 88' lang='lat'><strong>1.</strong></span> <span class='ocrx_word' id='word_1_3' title='bbox 920 210 961 251; x_wconf 65' lang='lat' dir='ltr'><strong>a,</strong></span> <span class='ocrx_word' id='word_1_4' title='bbox 983 210 1150 242; x_wconf 77' lang='lat'><strong>75—-78,</strong></span> <span class='ocrx_word' id='word_1_5' title='bbox 1661 198 1730 234; x_wconf 77' lang='lat'><strong>165</strong></span> 
     </span>
    </p>
   </div>
   <div class='ocr_carea' id='block_1_2' title="bbox 220 328 1732 463">
    <p class='ocr_par' dir='ltr' id='par_1_2' title="bbox 220 328 1732 463">
     <span class='ocr_line' id='line_1_2' title="bbox 220 328 1726 386; baseline 0.002 -14"><span class='ocrx_word' id='word_1_6' title='bbox 220 328 350 384; x_wconf 85' lang='lat' dir='ltr'><strong>Prop.</strong></span> <span class='ocrx_word' id='word_1_7' title='bbox 378 330 434 373; x_wconf 90' lang='lat' dir='ltr'><strong>H.</strong></span> <span class='ocrx_word' id='word_1_8' title='bbox 468 331 533 379; x_wconf 84' lang='lat'><strong>19.</strong></span> <span class='ocrx_word' id='word_1_9' title='bbox 562 331 705 373; x_wconf 80' lang='lat'>7—8:</span> <span class='ocrx_word' id='word_1_10' title='bbox 736 328 866 372; x_wconf 77' lang='lat' dir='ltr'><strong>«Sola</strong></span> <span class='ocrx_word' id='word_1_11' title='bbox 906 329 994 371; x_wconf 90' lang='lat' dir='ltr'><strong>eris</strong></span> <span class='ocrx_word' id='word_1_12' title='bbox 1032 331 1078 371; x_wconf 86' lang='lat' dir='ltr'><strong>et</strong></span> <span class='ocrx_word' id='word_1_13' title='bbox 1112 328 1232 372; x_wconf 80' lang='lat' dir='ltr'><strong>solos</strong></span> <span class='ocrx_word' id='word_1_14' title='bbox 1257 330 1491 384; x_wconf 77' lang='lat' dir='ltr'><strong>spectabis,</strong></span> <span class='ocrx_word' id='word_1_15' title='bbox 1519 330 1726 386; x_wconf 83' lang='lat' dir='ltr'><strong>Cynthia,</strong></span> 
     </span>
     <span class='ocr_line' id='line_1_3' title="bbox 222 404 1732 463; baseline 0.001 -13"><span class='ocrx_word' id='word_1_16' title='bbox 222 408 400 450; x_wconf 65' lang='lat' dir='ltr'><strong>moines</strong></span> <span class='ocrx_word' id='word_1_17' title='bbox 426 406 483 449; x_wconf 87' lang='lat' dir='ltr'><strong>Et</strong></span> <span class='ocrx_word' id='word_1_18' title='bbox 512 418 656 463; x_wconf 79' lang='lat' dir='ltr'><strong>pecus</strong></span> <span class='ocrx_word' id='word_1_19' title='bbox 693 408 738 448; x_wconf 88' lang='lat' dir='ltr'><strong>et</strong></span> <span class='ocrx_word' id='word_1_20' title='bbox 778 404 891 448; x_wconf 86' lang='lat' dir='ltr'><strong>fines</strong></span> <span class='ocrx_word' id='word_1_21' title='bbox 927 406 1137 460; x_wconf 84' lang='lat' dir='ltr'><strong>pauperis</strong></span> <span class='ocrx_word' id='word_1_22' title='bbox 1175 406 1424 460; x_wconf 73' lang='lat' dir='ltr'><strong>agricolae».</strong></span> <span class='ocrx_word' id='word_1_23' title='bbox 1452 433 1510 436; x_wconf 84' lang='lat'>—</span> <span class='ocrx_word' id='word_1_24' title='bbox 1536 409 1650 458; x_wconf 80' lang='lat' dir='ltr'><strong>solo,</strong></span> <span class='ocrx_word' id='word_1_25' title='bbox 1677 421 1732 452; x_wconf 82' lang='lat' dir='ltr'><strong>ex</strong></span> 
     </span>
    </p>
   </div>
   <div class='ocr_carea' id='block_1_3' title="bbox 221 483 1728 691">
    <p class='ocr_par' dir='ltr' id='par_1_3' title="bbox 221 483 1728 691">
     <span class='ocr_line' id='line_1_4' title="bbox 221 483 1728 539; baseline 0.001 -13"><span class='ocrx_word' id='word_1_26' title='bbox 221 484 478 526; x_wconf 89' lang='lat' dir='ltr'><strong>coniectura</strong></span> <span class='ocrx_word' id='word_1_27' title='bbox 518 483 756 539; x_wconf 79' lang='lat' dir='ltr'><strong>Scaligeri3</strong></span> <span class='ocrx_word' id='word_1_28' title='bbox 794 484 848 526; x_wconf 88' lang='lat' dir='ltr'><strong>cf.</strong></span> <span class='ocrx_word' id='word_1_29' title='bbox 887 483 1006 526; x_wconf 78' lang='lat' dir='ltr'><strong>infra</strong></span> <span class='ocrx_word' id='word_1_30' title='bbox 1047 483 1148 526; x_wconf 85' lang='lat' dir='ltr'><strong>adn.</strong></span> <span class='ocrx_word' id='word_1_31' title='bbox 1183 484 1278 526; x_wconf 88' lang='lat' dir='ltr'><strong>crit.</strong></span> <span class='ocrx_word' id='word_1_32' title='bbox 1307 483 1363 526; x_wconf 84' lang='lat' dir='ltr'><strong>ad</strong></span> <span class='ocrx_word' id='word_1_33' title='bbox 1388 485 1431 527; x_wconf 92' lang='lat' dir='ltr'><strong>h.</strong></span> <span class='ocrx_word' id='word_1_34' title='bbox 1459 486 1487 527; x_wconf 92' lang='lat' dir='ltr'><strong>l.</strong></span> <span class='ocrx_word' id='word_1_35' title='bbox 1516 511 1574 514; x_wconf 80' lang='lat'><strong>——</strong></span> <span class='ocrx_word' id='word_1_36' title='bbox 1601 485 1728 538; x_wconf 83' lang='lat' dir='ltr'><strong>dum,</strong></span> 
     </span>
     <span class='ocr_line' id='line_1_5' title="bbox 221 561 1726 617; baseline 0.001 -13"><span class='ocrx_word' id='word_1_37' title='bbox 221 561 475 605; x_wconf 85' lang='lat' dir='ltr'><strong>dummodo.</strong></span> <span class='ocrx_word' id='word_1_38' title='bbox 503 585 563 592; x_wconf 90' lang='lat'>—</span> <span class='ocrx_word' id='word_1_39' title='bbox 588 562 755 606; x_wconf 79' lang='lat' dir='ltr'><strong>teneris</strong></span> <span class='ocrx_word' id='word_1_40' title='bbox 794 562 988 606; x_wconf 82' lang='lat' dir='ltr'><strong>retinere</strong></span> <span class='ocrx_word' id='word_1_41' title='bbox 1025 561 1226 617; x_wconf 84' lang='lat' dir='ltr'><strong>lacertis,</strong></span> <span class='ocrx_word' id='word_1_42' title='bbox 1258 565 1308 605; x_wconf 86' lang='lat' dir='ltr'><strong>ut</strong></span> <span class='ocrx_word' id='word_1_43' title='bbox 1350 575 1487 617; x_wconf 87' lang='lat' dir='ltr'><strong>supra</strong></span> <span class='ocrx_word' id='word_1_44' title='bbox 1511 563 1543 604; x_wconf 88' lang='lat' dir='ltr'><strong>L</strong></span> <span class='ocrx_word' id='word_1_45' title='bbox 1580 565 1612 613; x_wconf 95' lang='lat'><strong>1,</strong></span> <span class='ocrx_word' id='word_1_46' title='bbox 1642 564 1726 605; x_wconf 78' lang='lat'><strong>46:</strong></span> 
     </span>
     <span class='ocr_line' id='line_1_6' title="bbox 228 637 1728 691; baseline 0.001 -11"><span class='ocrx_word' id='word_1_47' title='bbox 228 638 482 682; x_wconf 66' lang='lat' dir='ltr'><strong>»dominam</strong></span> <span class='ocrx_word' id='word_1_48' title='bbox 518 642 674 681; x_wconf 88' lang='lat' dir='ltr'><strong>tenero</strong></span> <span class='ocrx_word' id='word_1_49' title='bbox 699 639 990 681; x_wconf 83' lang='lat' dir='ltr'><strong>&#39;continuisse</strong></span> <span class='ocrx_word' id='word_1_50' title='bbox 1029 640 1175 682; x_wconf 90' lang='lat' dir='ltr'><strong>sinu».</strong></span> <span class='ocrx_word' id='word_1_51' title='bbox 1203 664 1262 668; x_wconf 96' lang='lat'><strong>—</strong></span> <span class='ocrx_word' id='word_1_52' title='bbox 1290 637 1445 682; x_wconf 82' lang='lat' dir='ltr'><strong>Mollis</strong></span> <span class='ocrx_word' id='word_1_53' title='bbox 1473 674 1481 682; x_wconf 89' lang='lat'><strong>.</strong></span> <span class='ocrx_word' id='word_1_54' title='bbox 1514 674 1522 682; x_wconf 95' lang='lat'><strong>.</strong></span> <span class='ocrx_word' id='word_1_55' title='bbox 1553 674 1561 682; x_wconf 91' lang='lat'><strong>.</strong></span> <span class='ocrx_word' id='word_1_56' title='bbox 1592 639 1728 691; x_wconf 81' lang='lat' dir='ltr'><strong>dura,</strong></span> 
     </span>
    </p>
   </div>
   <div class='ocr_carea' id='block_1_4' title="bbox 216 715 1731 2782">
    <p class='ocr_par' dir='ltr' id='par_1_4' title="bbox 219 715 1728 1156">
     <span class='ocr_line' id='line_1_7' title="bbox 222 715 1728 771; baseline 0.001 -14"><span class='ocrx_word' id='word_1_57' title='bbox 222 716 472 766; x_wconf 75' lang='lat' dir='ltr'><strong>antithesis,</strong></span> <span class='ocrx_word' id='word_1_58' title='bbox 501 718 552 758; x_wconf 79' lang='lat' dir='ltr'><strong>ut</strong></span> <span class='ocrx_word' id='word_1_59' title='bbox 574 715 711 770; x_wconf 84' lang='lat' dir='ltr'><strong>Lygd.</strong></span> <span class='ocrx_word' id='word_1_60' title='bbox 739 717 780 766; x_wconf 77' lang='lat'><strong>4,</strong></span> <span class='ocrx_word' id='word_1_61' title='bbox 811 717 894 758; x_wconf 88' lang='lat'><strong>76:</strong></span> <span class='ocrx_word' id='word_1_62' title='bbox 928 716 1206 759; x_wconf 81' lang='lat' dir='ltr'><strong>«Vincuntur</strong></span> <span class='ocrx_word' id='word_1_63' title='bbox 1230 717 1359 758; x_wconf 90' lang='lat' dir='ltr'><strong>molli</strong></span> <span class='ocrx_word' id='word_1_64' title='bbox 1396 719 1578 771; x_wconf 77' lang='lat' dir='ltr'><strong>pectora</strong></span> <span class='ocrx_word' id='word_1_65' title='bbox 1616 716 1728 759; x_wconf 90' lang='lat' dir='ltr'><strong>dura</strong></span> 
     </span>
     <span class='ocr_line' id='line_1_8' title="bbox 219 791 1728 847; baseline 0.001 -13"><span class='ocrx_word' id='word_1_66' title='bbox 219 805 392 846; x_wconf 88' lang='lat' dir='ltr'><strong>prece».</strong></span> <span class='ocrx_word' id='word_1_67' title='bbox 413 817 470 822; x_wconf 87' lang='lat'>—</span> <span class='ocrx_word' id='word_1_68' title='bbox 486 792 537 835; x_wconf 78' lang='lat' dir='ltr'><strong>in</strong></span> <span class='ocrx_word' id='word_1_69' title='bbox 553 791 689 847; x_wconf 84' lang='lat' dir='ltr'><strong>dura,</strong></span> <span class='ocrx_word' id='word_1_70' title='bbox 707 807 759 835; x_wconf 81' lang='lat' dir='ltr'><strong>ex</strong></span> <span class='ocrx_word' id='word_1_71' title='bbox 773 806 875 835; x_wconf 88' lang='lat' dir='ltr'><strong>mea</strong></span> <span class='ocrx_word' id='word_1_72' title='bbox 887 794 1169 843; x_wconf 88' lang='lat' dir='ltr'><strong>coniectura;</strong></span> <span class='ocrx_word' id='word_1_73' title='bbox 1195 795 1248 836; x_wconf 84' lang='lat' dir='ltr'><strong>cf.</strong></span> <span class='ocrx_word' id='word_1_74' title='bbox 1278 794 1396 836; x_wconf 87' lang='lat' dir='ltr'><strong>infra</strong></span> <span class='ocrx_word' id='word_1_75' title='bbox 1421 793 1520 836; x_wconf 84' lang='lat' dir='ltr'><strong>adn.</strong></span> <span class='ocrx_word' id='word_1_76' title='bbox 1549 795 1644 837; x_wconf 82' lang='lat' dir='ltr'><strong>crit.</strong></span> <span class='ocrx_word' id='word_1_77' title='bbox 1673 794 1728 836; x_wconf 88' lang='lat' dir='ltr'><strong>ad</strong></span> 
     </span>
     <span class='ocr_line' id='line_1_9' title="bbox 221 867 1728 926; baseline 0.001 -16"><span class='ocrx_word' id='word_1_78' title='bbox 221 869 264 911; x_wconf 90' lang='lat' dir='ltr'><strong>h.</strong></span> <span class='ocrx_word' id='word_1_79' title='bbox 292 870 319 911; x_wconf 84' lang='lat' dir='ltr'><strong>l.</strong></span> <span class='ocrx_word' id='word_1_80' title='bbox 348 894 406 898; x_wconf 90' lang='lat'><strong>-—</strong></span> <span class='ocrx_word' id='word_1_81' title='bbox 432 867 554 913; x_wconf 77' lang='lat' dir='ltr'><strong>dura</strong></span> <span class='ocrx_word' id='word_1_82' title='bbox 585 903 594 911; x_wconf 93' lang='lat'><strong>.</strong></span> <span class='ocrx_word' id='word_1_83' title='bbox 624 903 633 912; x_wconf 90' lang='lat'><strong>.</strong></span> <span class='ocrx_word' id='word_1_84' title='bbox 663 903 672 912; x_wconf 92' lang='lat'><strong>.</strong></span> <span class='ocrx_word' id='word_1_85' title='bbox 702 868 858 925; x_wconf 82' lang='lat' dir='ltr'><strong>humo,</strong></span> <span class='ocrx_word' id='word_1_86' title='bbox 893 873 946 912; x_wconf 86' lang='lat' dir='ltr'><strong>ut</strong></span> <span class='ocrx_word' id='word_1_87' title='bbox 981 870 1108 925; x_wconf 85' lang='lat' dir='ltr'><strong>Prop.</strong></span> <span class='ocrx_word' id='word_1_88' title='bbox 1148 871 1226 913; x_wconf 88' lang='lat' dir='ltr'><strong>HL</strong></span> <span class='ocrx_word' id='word_1_89' title='bbox 1274 872 1338 920; x_wconf 90' lang='lat'><strong>15,</strong></span> <span class='ocrx_word' id='word_1_90' title='bbox 1374 872 1451 913; x_wconf 89' lang='lat'><strong>16:</strong></span> <span class='ocrx_word' id='word_1_91' title='bbox 1484 875 1642 926; x_wconf 84' lang='lat' dir='ltr'><strong>«caput-</strong></span> <span class='ocrx_word' id='word_1_92' title='bbox 1680 872 1728 913; x_wconf 92' lang='lat' dir='ltr'><strong>in</strong></span> 
     </span>
     <span class='ocr_line' id='line_1_10' title="bbox 221 946 1727 1002; baseline 0.001 -13"><span class='ocrx_word' id='word_1_93' title='bbox 221 946 332 989; x_wconf 86' lang='lat' dir='ltr'><strong>dura</strong></span> <span class='ocrx_word' id='word_1_94' title='bbox 371 960 539 1002; x_wconf 84' lang='lat' dir='ltr'><strong>ponere</strong></span> <span class='ocrx_word' id='word_1_95' title='bbox 578 947 710 990; x_wconf 81' lang='lat' dir='ltr'><strong>iussit</strong></span> <span class='ocrx_word' id='word_1_96' title='bbox 748 948 927 990; x_wconf 87' lang='lat' dir='ltr'><strong>humo».</strong></span> <span class='ocrx_word' id='word_1_97' title='bbox 969 947 1032 991; x_wconf 86' lang='lat' dir='ltr'><strong>Cf.</strong></span> <span class='ocrx_word' id='word_1_98' title='bbox 1077 947 1154 990; x_wconf 87' lang='lat' dir='ltr'><strong>Ov.</strong></span> <span class='ocrx_word' id='word_1_99' title='bbox 1195 947 1302 990; x_wconf 88' lang='lat' dir='ltr'><strong>Met.</strong></span> <span class='ocrx_word' id='word_1_100' title='bbox 1345 947 1419 990; x_wconf 90' lang='lat' dir='ltr'><strong>IX.</strong></span> <span class='ocrx_word' id='word_1_101' title='bbox 1464 950 1727 991; x_wconf 84' lang='lat'>650—651:</span> 
     </span>
     <span class='ocr_line' id='line_1_11' title="bbox 229 1023 1727 1080; baseline 0.002 -15"><span class='ocrx_word' id='word_1_102' title='bbox 229 1023 364 1066; x_wconf 77' lang='lat' dir='ltr'><strong>«dura</strong></span> <span class='ocrx_word' id='word_1_103' title='bbox 388 1024 548 1078; x_wconf 90' lang='lat' dir='ltr'><strong>positis</strong></span> <span class='ocrx_word' id='word_1_104' title='bbox 573 1024 733 1067; x_wconf 86' lang='lat' dir='ltr'><strong>tellure</strong></span> <span class='ocrx_word' id='word_1_105' title='bbox 760 1026 948 1080; x_wconf 85' lang='lat' dir='ltr'><strong>capillis,</strong></span> <span class='ocrx_word' id='word_1_106' title='bbox 976 1025 1118 1080; x_wconf 84' lang='lat' dir='ltr'><strong>Bybli,</strong></span> <span class='ocrx_word' id='word_1_107' title='bbox 1148 1026 1291 1068; x_wconf 89' lang='lat' dir='ltr'><strong>iaces»</strong></span> <span class='ocrx_word' id='word_1_108' title='bbox 1324 1028 1369 1068; x_wconf 90' lang='lat' dir='ltr'><strong>et</strong></span> <span class='ocrx_word' id='word_1_109' title='bbox 1393 1026 1512 1068; x_wconf 83' lang='lat' dir='ltr'><strong>Fast.</strong></span> <span class='ocrx_word' id='word_1_110' title='bbox 1541 1027 1596 1068; x_wconf 90' lang='grc' dir='ltr'><strong>Π.</strong></span> <span class='ocrx_word' id='word_1_111' title='bbox 1618 1028 1727 1069; x_wconf 81' lang='lat'><strong>354:</strong></span> 
     </span>
     <span class='ocr_line' id='line_1_12' title="bbox 227 1101 1305 1156; baseline 0.004 -14"><span class='ocrx_word' id='word_1_112' title='bbox 227 1101 538 1156; x_wconf 79' lang='lat' dir='ltr'><strong>«Membraque</strong></span> <span class='ocrx_word' id='word_1_113' title='bbox 564 1102 617 1145; x_wconf 88' lang='lat' dir='ltr'><strong>de</strong></span> <span class='ocrx_word' id='word_1_114' title='bbox 639 1103 751 1145; x_wconf 77' lang='lat' dir='ltr'><strong>dura</strong></span> <span class='ocrx_word' id='word_1_115' title='bbox 775 1104 847 1145; x_wconf 86' lang='lat' dir='ltr'><strong>vix</strong></span> <span class='ocrx_word' id='word_1_116' title='bbox 874 1117 954 1146; x_wconf 87' lang='lat' dir='ltr'><strong>sua</strong></span> <span class='ocrx_word' id='word_1_117' title='bbox 978 1104 1100 1146; x_wconf 89' lang='lat' dir='ltr'><strong>tollit</strong></span> <span class='ocrx_word' id='word_1_118' title='bbox 1123 1105 1305 1146; x_wconf 88' lang='lat' dir='ltr'><strong>humo».</strong></span> 
     </span>
    </p>

    <p class='ocr_par' dir='ltr' id='par_1_5' title="bbox 216 1178 1731 2782">
     <span class='ocr_line' id='line_1_13' title="bbox 279 1178 1726 1237; baseline 0.002 -16"><span class='ocrx_word' id='word_1_119' title='bbox 279 1178 329 1221; x_wconf 90' lang='lat' dir='ltr'><strong>V.</strong></span> <span class='ocrx_word' id='word_1_120' title='bbox 359 1180 546 1222; x_wconf 89' lang='lat'><strong>75—78.</strong></span> <span class='ocrx_word' id='word_1_121' title='bbox 579 1178 702 1232; x_wconf 78' lang='lat' dir='ltr'><strong>Quid</strong></span> <span class='ocrx_word' id='word_1_122' title='bbox 751 1179 885 1237; x_wconf 78' lang='lat' dir='ltr'><strong>Tyrio</strong></span> <span class='ocrx_word' id='word_1_123' title='bbox 922 1180 1143 1224; x_wconf 81' lang='lat' dir='ltr'><strong>recubare</strong></span> <span class='ocrx_word' id='word_1_124' title='bbox 1184 1182 1283 1224; x_wconf 84' lang='lat' dir='ltr'><strong>toro</strong></span> <span class='ocrx_word' id='word_1_125' title='bbox 1323 1180 1422 1224; x_wconf 77' lang='lat' dir='ltr'><strong>sine</strong></span> <span class='ocrx_word' id='word_1_126' title='bbox 1453 1194 1610 1224; x_wconf 82' lang='lat' dir='ltr'><strong>amore</strong></span> <span class='ocrx_word' id='word_1_127' title='bbox 1651 1193 1726 1224; x_wconf 85' lang='lat' dir='ltr'><strong>se-</strong></span> 
     </span>
     <span class='ocr_line' id='line_1_14' title="bbox 221 1254 1728 1314; baseline 0.002 -16"><span class='ocrx_word' id='word_1_128' title='bbox 221 1254 387 1309; x_wconf 75' lang='lat' dir='ltr'><strong>cundo,</strong></span> <span class='ocrx_word' id='word_1_129' title='bbox 427 1257 576 1298; x_wconf 90' lang='lat' dir='ltr'><strong>locum</strong></span> <span class='ocrx_word' id='word_1_130' title='bbox 618 1257 822 1300; x_wconf 86' lang='lat' dir='ltr'><strong>imitatur</strong></span> <span class='ocrx_word' id='word_1_131' title='bbox 861 1258 989 1312; x_wconf 91' lang='lat' dir='ltr'><strong>Prop.</strong></span> <span class='ocrx_word' id='word_1_132' title='bbox 1030 1258 1062 1300; x_wconf 87' lang='lat' dir='ltr'>L</span> <span class='ocrx_word' id='word_1_133' title='bbox 1109 1259 1172 1309; x_wconf 81' lang='lat'><strong>14,</strong></span> <span class='ocrx_word' id='word_1_134' title='bbox 1220 1260 1418 1301; x_wconf 80' lang='lat'>15—16:</span> <span class='ocrx_word' id='word_1_135' title='bbox 1451 1259 1588 1301; x_wconf 84' lang='lat' dir='ltr'><strong>«Nam</strong></span> <span class='ocrx_word' id='word_1_136' title='bbox 1629 1260 1728 1314; x_wconf 89' lang='lat' dir='ltr'><strong>quis</strong></span> 
     </span>
     <span class='ocr_line' id='line_1_15' title="bbox 219 1331 1729 1391; baseline 0.003 -17"><span class='ocrx_word' id='word_1_137' title='bbox 219 1331 389 1375; x_wconf 82' lang='lat' dir='ltr'><strong>divitiis</strong></span> <span class='ocrx_word' id='word_1_138' title='bbox 427 1333 613 1377; x_wconf 88' lang='lat' dir='ltr'><strong>adverso</strong></span> <span class='ocrx_word' id='word_1_139' title='bbox 650 1335 815 1389; x_wconf 87' lang='lat' dir='ltr'><strong>gaudet</strong></span> <span class='ocrx_word' id='word_1_140' title='bbox 851 1349 1030 1378; x_wconf 81' lang='lat' dir='ltr'><strong>amore:</strong></span> <span class='ocrx_word' id='word_1_141' title='bbox 1068 1336 1202 1378; x_wconf 89' lang='lat' dir='ltr'><strong>Nulla</strong></span> <span class='ocrx_word' id='word_1_142' title='bbox 1240 1336 1353 1377; x_wconf 87' lang='lat' dir='ltr'><strong>mihi</strong></span> <span class='ocrx_word' id='word_1_143' title='bbox 1390 1336 1509 1378; x_wconf 91' lang='lat' dir='ltr'><strong>tristi</strong></span> <span class='ocrx_word' id='word_1_144' title='bbox 1545 1337 1729 1391; x_wconf 82' lang='lat' dir='ltr'><strong>praemia-</strong></span> 
     </span>
     <span class='ocr_line' id='line_1_16' title="bbox 220 1410 1727 1468; baseline 0.003 -16"><span class='ocrx_word' id='word_1_145' title='bbox 220 1411 313 1453; x_wconf 89' lang='lat' dir='ltr'><strong>sint</strong></span> <span class='ocrx_word' id='word_1_146' title='bbox 348 1410 545 1453; x_wconf 81' lang='lat' dir='ltr'><strong>Venere»</strong></span> <span class='ocrx_word' id='word_1_147' title='bbox 578 1413 622 1453; x_wconf 90' lang='lat' dir='ltr'><strong>et</strong></span> <span class='ocrx_word' id='word_1_148' title='bbox 652 1413 836 1454; x_wconf 76' lang='lat'>19—20.</span> <span class='ocrx_word' id='word_1_149' title='bbox 876 1412 931 1455; x_wconf 89' lang='lat' dir='ltr'><strong>de</strong></span> <span class='ocrx_word' id='word_1_150' title='bbox 958 1412 1156 1456; x_wconf 84' lang='lat' dir='ltr'><strong>Venere:</strong></span> <span class='ocrx_word' id='word_1_151' title='bbox 1189 1413 1296 1455; x_wconf 78' lang='lat' dir='ltr'><strong>«Illa</strong></span> <span class='ocrx_word' id='word_1_152' title='bbox 1334 1427 1478 1468; x_wconf 88' lang='lat' dir='ltr'><strong>neque</strong></span> <span class='ocrx_word' id='word_1_153' title='bbox 1516 1413 1727 1456; x_wconf 89' lang='lat' dir='ltr'><strong>Arabium</strong></span> 
     </span>
     <span class='ocr_line' id='line_1_17' title="bbox 218 1488 1727 1541; baseline 0.002 -11"><span class='ocrx_word' id='word_1_154' title='bbox 218 1488 381 1531; x_wconf 85' lang='lat' dir='ltr'><strong>metuit</strong></span> <span class='ocrx_word' id='word_1_155' title='bbox 404 1488 717 1530; x_wconf 79' lang='lat' dir='ltr'><strong>transcendere</strong></span> <span class='ocrx_word' id='word_1_156' title='bbox 742 1489 896 1540; x_wconf 88' lang='lat' dir='ltr'><strong>limen,</strong></span> <span class='ocrx_word' id='word_1_157' title='bbox 925 1490 1013 1531; x_wconf 91' lang='lat' dir='ltr'><strong>Nec</strong></span> <span class='ocrx_word' id='word_1_158' title='bbox 1040 1491 1170 1532; x_wconf 87' lang='lat' dir='ltr'><strong>timet</strong></span> <span class='ocrx_word' id='word_1_159' title='bbox 1197 1492 1381 1541; x_wconf 86' lang='lat' dir='ltr'><strong>ostrino‚</strong></span> <span class='ocrx_word' id='word_1_160' title='bbox 1410 1491 1548 1541; x_wconf 84' lang='lat' dir='ltr'><strong>Tulle,</strong></span> <span class='ocrx_word' id='word_1_161' title='bbox 1579 1491 1727 1534; x_wconf 89' lang='lat' dir='ltr'><strong>subire</strong></span> 
     </span>
     <span class='ocr_line' id='line_1_18' title="bbox 219 1563 1726 1622; baseline 0.002 -16"><span class='ocrx_word' id='word_1_162' title='bbox 219 1567 361 1607; x_wconf 84' lang='lat' dir='ltr'><strong>toro».</strong></span> <span class='ocrx_word' id='word_1_163' title='bbox 380 1590 437 1593; x_wconf 97' lang='lat'><strong>—</strong></span> <span class='ocrx_word' id='word_1_164' title='bbox 462 1563 599 1621; x_wconf 78' lang='lat' dir='ltr'><strong>Tyrio</strong></span> <span class='ocrx_word' id='word_1_165' title='bbox 624 1565 846 1609; x_wconf 80' lang='lat' dir='ltr'><strong>recubare</strong></span> <span class='ocrx_word' id='word_1_166' title='bbox 870 1567 983 1616; x_wconf 82' lang='lat' dir='ltr'><strong>toro,</strong></span> <span class='ocrx_word' id='word_1_167' title='bbox 1010 1580 1209 1621; x_wconf 88' lang='lat' dir='ltr'><strong>purpura</strong></span> <span class='ocrx_word' id='word_1_168' title='bbox 1235 1567 1390 1621; x_wconf 83' lang='lat' dir='ltr'><strong>Tyria;</strong></span> <span class='ocrx_word' id='word_1_169' title='bbox 1418 1569 1471 1610; x_wconf 84' lang='lat' dir='ltr'><strong>cf.</strong></span> <span class='ocrx_word' id='word_1_170' title='bbox 1490 1567 1617 1622; x_wconf 88' lang='lat' dir='ltr'><strong>Verg.</strong></span> <span class='ocrx_word' id='word_1_171' title='bbox 1647 1567 1726 1611; x_wconf 86' lang='lat' dir='ltr'><strong>Ge.</strong></span> 
     </span>
     <span class='ocr_line' id='line_1_19' title="bbox 220 1641 1728 1697; baseline 0.001 -12"><span class='ocrx_word' id='word_1_172' title='bbox 220 1642 278 1685; x_wconf 88' lang='lat' dir='ltr'><strong>H.</strong></span> <span class='ocrx_word' id='word_1_173' title='bbox 322 1644 436 1686; x_wconf 81' lang='lat'>506:</span> <span class='ocrx_word' id='word_1_174' title='bbox 481 1641 699 1686; x_wconf 79' lang='lat' dir='ltr'><strong>«Sarrano</strong></span> <span class='ocrx_word' id='word_1_175' title='bbox 741 1644 934 1687; x_wconf 78' lang='lat' dir='ltr'><strong>dormiat</strong></span> <span class='ocrx_word' id='word_1_176' title='bbox 976 1647 1140 1687; x_wconf 88' lang='lat' dir='ltr'><strong>ostro».</strong></span> <span class='ocrx_word' id='word_1_177' title='bbox 1168 1670 1227 1674; x_wconf 43' lang='grc' dir='ltr'><strong><em>υ</em></strong></span> <span class='ocrx_word' id='word_1_178' title='bbox 1253 1647 1368 1697; x_wconf 79' lang='lat' dir='ltr'><strong>toro,</strong></span> <span class='ocrx_word' id='word_1_179' title='bbox 1410 1650 1535 1688; x_wconf 79' lang='lat' dir='ltr'><strong>torus</strong></span> <span class='ocrx_word' id='word_1_180' title='bbox 1576 1646 1728 1688; x_wconf 89' lang='lat' dir='ltr'><strong>mollis</strong></span> 
     </span>
     <span class='ocr_line' id='line_1_20' title="bbox 222 1719 1728 1774; baseline 0.003 -13"><span class='ocrx_word' id='word_1_181' title='bbox 222 1721 468 1774; x_wconf 85' lang='lat' dir='ltr'><strong>opponitur</strong></span> <span class='ocrx_word' id='word_1_182' title='bbox 492 1719 622 1764; x_wconf 85' lang='lat' dir='ltr'><strong>durae</strong></span> <span class='ocrx_word' id='word_1_183' title='bbox 649 1720 786 1764; x_wconf 84' lang='lat' dir='ltr'><strong>humo</strong></span> <span class='ocrx_word' id='word_1_184' title='bbox 810 1736 874 1764; x_wconf 84' lang='lat' dir='ltr'><strong>vs.</strong></span> <span class='ocrx_word' id='word_1_185' title='bbox 903 1724 973 1765; x_wconf 78' lang='lat'><strong>74.</strong></span> <span class='ocrx_word' id='word_1_186' title='bbox 1001 1747 1059 1751; x_wconf 86' lang='lat'><strong>—</strong></span> <span class='ocrx_word' id='word_1_187' title='bbox 1085 1735 1244 1766; x_wconf 85' lang='lat' dir='ltr'><strong>amore</strong></span> <span class='ocrx_word' id='word_1_188' title='bbox 1269 1722 1483 1774; x_wconf 78' lang='lat' dir='ltr'><strong>seeundo,</strong></span> <span class='ocrx_word' id='word_1_189' title='bbox 1510 1724 1641 1765; x_wconf 86' lang='lat' dir='ltr'><strong>felici.</strong></span> <span class='ocrx_word' id='word_1_190' title='bbox 1670 1748 1728 1752; x_wconf 82' lang='lat'>-</span> 
     </span>
     <span class='ocr_line' id='line_1_21' title="bbox 219 1796 1729 1853; baseline 0.003 -16"><span class='ocrx_word' id='word_1_191' title='bbox 219 1796 332 1851; x_wconf 76' lang='lat' dir='ltr'><strong>fletu</strong></span> <span class='ocrx_word' id='word_1_192' title='bbox 355 1808 452 1839; x_wconf 74' lang='lat' dir='ltr'><strong>‘nox</strong></span> <span class='ocrx_word' id='word_1_193' title='bbox 476 1796 717 1852; x_wconf 66' lang='lat' dir='ltr'><strong>vigilanda</strong></span> <span class='ocrx_word' id='word_1_194' title='bbox 741 1799 878 1850; x_wconf 75' lang='lat' dir='ltr'><strong>venit,</strong></span> <span class='ocrx_word' id='word_1_195' title='bbox 904 1802 955 1840; x_wconf 88' lang='lat' dir='ltr'><strong>ut</strong></span> <span class='ocrx_word' id='word_1_196' title='bbox 978 1799 1106 1853; x_wconf 91' lang='lat' dir='ltr'><strong>Prop.</strong></span> <span class='ocrx_word' id='word_1_197' title='bbox 1135 1800 1213 1841; x_wconf 88' lang='grc' dir='ltr'><strong>ΠΙ.</strong></span> <span class='ocrx_word' id='word_1_198' title='bbox 1247 1801 1311 1849; x_wconf 86' lang='grc'><strong>15,</strong></span> <span class='ocrx_word' id='word_1_199' title='bbox 1342 1801 1394 1842; x_wconf 72' lang='lat'><strong>2:</strong></span> <span class='ocrx_word' id='word_1_200' title='bbox 1427 1800 1540 1842; x_wconf 87' lang='lat' dir='ltr'><strong>«Nec</strong></span> <span class='ocrx_word' id='word_1_201' title='bbox 1577 1801 1729 1842; x_wconf 85' lang='lat' dir='ltr'><strong>veniat</strong></span> 
     </span>
     <span class='ocr_line' id='line_1_22' title="bbox 223 1873 1727 1932; baseline 0.003 -18"><span class='ocrx_word' id='word_1_202' title='bbox 223 1873 322 1914; x_wconf 89' lang='lat' dir='ltr'><strong>sine</strong></span> <span class='ocrx_word' id='word_1_203' title='bbox 347 1876 390 1915; x_wconf 85' lang='lat' dir='ltr'><strong>te</strong></span> <span class='ocrx_word' id='word_1_204' title='bbox 417 1887 506 1915; x_wconf 86' lang='lat' dir='ltr'><strong>nox</strong></span> <span class='ocrx_word' id='word_1_205' title='bbox 530 1874 758 1926; x_wconf 82' lang='lat' dir='ltr'><strong>vigilanda</strong></span> <span class='ocrx_word' id='word_1_206' title='bbox 788 1875 943 1917; x_wconf 89' lang='lat' dir='ltr'><strong>mihi».</strong></span> <span class='ocrx_word' id='word_1_207' title='bbox 973 1900 1030 1904; x_wconf 83' lang='lat'>—</span> <span class='ocrx_word' id='word_1_208' title='bbox 1055 1877 1178 1931; x_wconf 77' lang='lat' dir='ltr'><strong>fletu,</strong></span> <span class='ocrx_word' id='word_1_209' title='bbox 1204 1889 1307 1918; x_wconf 91' lang='lat' dir='ltr'><strong>cum</strong></span> <span class='ocrx_word' id='word_1_210' title='bbox 1332 1875 1453 1926; x_wconf 89' lang='lat' dir='ltr'><strong>fletu,</strong></span> <span class='ocrx_word' id='word_1_211' title='bbox 1483 1877 1580 1919; x_wconf 89' lang='lat' dir='ltr'><strong>sine</strong></span> <span class='ocrx_word' id='word_1_212' title='bbox 1618 1891 1727 1932; x_wconf 80' lang='lat' dir='ltr'><strong>prae-</strong></span> 
     </span>
     <span class='ocr_line' id='line_1_23' title="bbox 220 1951 1728 2006; baseline 0.003 -14"><span class='ocrx_word' id='word_1_213' title='bbox 220 1951 458 2005; x_wconf 87' lang='lat' dir='ltr'><strong>positione‚</strong></span> <span class='ocrx_word' id='word_1_214' title='bbox 501 1953 552 1993; x_wconf 88' lang='lat' dir='ltr'><strong>ut</strong></span> <span class='ocrx_word' id='word_1_215' title='bbox 591 1951 717 2006; x_wconf 89' lang='lat' dir='ltr'><strong>Verg.</strong></span> <span class='ocrx_word' id='word_1_216' title='bbox 760 1953 868 1995; x_wconf 89' lang='lat' dir='ltr'><strong>Aen.</strong></span> <span class='ocrx_word' id='word_1_217' title='bbox 911 1953 989 1995; x_wconf 83' lang='grc' dir='ltr'><strong>ΙΙΙ.</strong></span> <span class='ocrx_word' id='word_1_218' title='bbox 1033 1954 1145 1995; x_wconf 81' lang='lat'>664:</span> <span class='ocrx_word' id='word_1_219' title='bbox 1194 1953 1426 1996; x_wconf 81' lang='lat' dir='ltr'><strong>«dentibus</strong></span> <span class='ocrx_word' id='word_1_220' title='bbox 1467 1954 1728 1997; x_wconf 82' lang='lat' dir='ltr'><strong>infrendens</strong></span> 
     </span>
     <span class='ocr_line' id='line_1_24' title="bbox 223 2028 1727 2085; baseline 0.003 -16"><span class='ocrx_word' id='word_1_221' title='bbox 223 2028 416 2082; x_wconf 84' lang='lat' dir='ltr'><strong>gemitu»</strong></span> <span class='ocrx_word' id='word_1_222' title='bbox 449 2032 492 2070; x_wconf 92' lang='lat' dir='ltr'><strong>et</strong></span> <span class='ocrx_word' id='word_1_223' title='bbox 530 2028 634 2071; x_wconf 85' lang='lat' dir='ltr'><strong>ibid.</strong></span> <span class='ocrx_word' id='word_1_224' title='bbox 662 2030 696 2071; x_wconf 94' lang='lat' dir='ltr'><strong>I.</strong></span> <span class='ocrx_word' id='word_1_225' title='bbox 725 2031 839 2072; x_wconf 88' lang='lat'>519:</span> <span class='ocrx_word' id='word_1_226' title='bbox 871 2031 1114 2085; x_wconf 79' lang='lat' dir='ltr'><strong>«templum</strong></span> <span class='ocrx_word' id='word_1_227' title='bbox 1152 2031 1348 2073; x_wconf 84' lang='lat' dir='ltr'><strong>clamore</strong></span> <span class='ocrx_word' id='word_1_228' title='bbox 1386 2032 1640 2085; x_wconf 85' lang='lat' dir='ltr'><strong>petebant».</strong></span> <span class='ocrx_word' id='word_1_229' title='bbox 1669 2057 1727 2061; x_wconf 35' lang='lat' dir='ltr'><strong>—v</strong></span> 
     </span>
     <span class='ocr_line' id='line_1_25' title="bbox 224 2103 1726 2165; baseline 0.003 -17"><span class='ocrx_word' id='word_1_230' title='bbox 224 2103 349 2148; x_wconf 85' lang='lat' dir='ltr'><strong>Nam</strong></span> <span class='ocrx_word' id='word_1_231' title='bbox 374 2118 519 2161; x_wconf 76' lang='lat' dir='ltr'><strong>neque</strong></span> <span class='ocrx_word' id='word_1_232' title='bbox 545 2109 653 2149; x_wconf 78' lang='lat' dir='ltr'><strong>tunc</strong></span> <span class='ocrx_word' id='word_1_233' title='bbox 672 2107 846 2162; x_wconf 84' lang='lat' dir='ltr'><strong>plumae</strong></span> <span class='ocrx_word' id='word_1_234' title='bbox 870 2120 955 2151; x_wconf 72' lang='lat' dir='ltr'><strong>‘nec</strong></span> <span class='ocrx_word' id='word_1_235' title='bbox 990 2108 1203 2164; x_wconf 68' lang='lat' dir='ltr'><strong>strayula</strong></span> <span class='ocrx_word' id='word_1_236' title='bbox 1234 2109 1363 2164; x_wconf 82' lang='lat' dir='ltr'><strong>picta</strong></span> <span class='ocrx_word' id='word_1_237' title='bbox 1400 2111 1612 2165; x_wconf 77' lang='lat' dir='ltr'><strong>soporem</strong></span> <span class='ocrx_word' id='word_1_238' title='bbox 1638 2144 1647 2152; x_wconf 92' lang='lat'><strong>.</strong></span> <span class='ocrx_word' id='word_1_239' title='bbox 1675 2144 1684 2151; x_wconf 96' lang='lat'><strong>.</strong></span> <span class='ocrx_word' id='word_1_240' title='bbox 1716 2143 1726 2152; x_wconf 92' lang='lat'><strong>.</strong></span> 
     </span>
     <span class='ocr_line' id='line_1_26' title="bbox 224 2180 1731 2238; baseline 0.003 -14"><span class='ocrx_word' id='word_1_241' title='bbox 224 2180 388 2224; x_wconf 84' lang='lat' dir='ltr'><strong>ducere</strong></span> <span class='ocrx_word' id='word_1_242' title='bbox 422 2186 593 2238; x_wconf 73' lang='lat' dir='ltr'><strong>posset,</strong></span> <span class='ocrx_word' id='word_1_243' title='bbox 635 2184 756 2226; x_wconf 89' lang='lat' dir='ltr'><strong>hunc</strong></span> <span class='ocrx_word' id='word_1_244' title='bbox 791 2185 942 2227; x_wconf 90' lang='lat' dir='ltr'><strong>locum</strong></span> <span class='ocrx_word' id='word_1_245' title='bbox 979 2188 1083 2227; x_wconf 85' lang='lat' dir='ltr'><strong>ante</strong></span> <span class='ocrx_word' id='word_1_246' title='bbox 1122 2186 1285 2228; x_wconf 87' lang='lat' dir='ltr'><strong>oculos.</strong></span> <span class='ocrx_word' id='word_1_247' title='bbox 1317 2186 1528 2228; x_wconf 86' lang='lat' dir='ltr'><strong>habuisse</strong></span> <span class='ocrx_word' id='word_1_248' title='bbox 1552 2187 1731 2229; x_wconf 82' lang='lat' dir='ltr'><strong>videtur</strong></span> 
     </span>
     <span class='ocr_line' id='line_1_27' title="bbox 222 2259 1727 2314; baseline 0.003 -13"><span class='ocrx_word' id='word_1_249' title='bbox 222 2259 350 2314; x_wconf 87' lang='lat' dir='ltr'><strong>Prop.</strong></span> <span class='ocrx_word' id='word_1_250' title='bbox 379 2260 412 2301; x_wconf 87' lang='lat' dir='ltr'>L</span> <span class='ocrx_word' id='word_1_251' title='bbox 447 2262 511 2310; x_wconf 80' lang='lat'><strong>14,</strong></span> <span class='ocrx_word' id='word_1_252' title='bbox 546 2262 729 2304; x_wconf 73' lang='lat'><strong>19—22.</strong></span> <span class='ocrx_word' id='word_1_253' title='bbox 757 2261 812 2304; x_wconf 88' lang='lat' dir='ltr'><strong>de</strong></span> <span class='ocrx_word' id='word_1_254' title='bbox 829 2261 1028 2305; x_wconf 89' lang='lat' dir='ltr'><strong>Venere:</strong></span> <span class='ocrx_word' id='word_1_255' title='bbox 1051 2262 1131 2304; x_wconf 85' lang='lat' dir='ltr'><strong>«Et</strong></span> <span class='ocrx_word' id='word_1_256' title='bbox 1157 2263 1372 2305; x_wconf 89' lang='lat' dir='ltr'><strong>miserum</strong></span> <span class='ocrx_word' id='word_1_257' title='bbox 1398 2266 1493 2305; x_wconf 83' lang='lat' dir='ltr'><strong>toto</strong></span> <span class='ocrx_word' id='word_1_258' title='bbox 1519 2263 1727 2306; x_wconf 88' lang='lat' dir='ltr'><strong>iuvenem</strong></span> 
     </span>
     <span class='ocr_line' id='line_1_28' title="bbox 219 2337 1726 2390; baseline 0.001 -8"><span class='ocrx_word' id='word_1_259' title='bbox 219 2350 399 2383; x_wconf 69' lang='lat' dir='ltr'><strong>‚versare</strong></span> <span class='ocrx_word' id='word_1_260' title='bbox 424 2337 586 2381; x_wconf 86' lang='lat' dir='ltr'><strong>cubili:</strong></span> <span class='ocrx_word' id='word_1_261' title='bbox 625 2337 741 2390; x_wconf 86' lang='lat' dir='ltr'><strong>Quid</strong></span> <span class='ocrx_word' id='word_1_262' title='bbox 778 2338 979 2381; x_wconf 78' lang='lat' dir='ltr'><strong>relevant</strong></span> <span class='ocrx_word' id='word_1_263' title='bbox 1014 2340 1150 2382; x_wconf 88' lang='lat' dir='ltr'><strong>variis</strong></span> <span class='ocrx_word' id='word_1_264' title='bbox 1191 2340 1332 2382; x_wconf 88' lang='lat' dir='ltr'><strong>serica</strong></span> <span class='ocrx_word' id='word_1_265' title='bbox 1371 2342 1641 2383; x_wconf 78' lang='lat' dir='ltr'><strong>textilibus».</strong></span> <span class='ocrx_word' id='word_1_266' title='bbox 1669 2367 1726 2371; x_wconf 43' lang='grc' dir='ltr'><strong>-ψ</strong></span> 
     </span>
     <span class='ocr_line' id='line_1_29' title="bbox 216 2414 1728 2473; baseline 0.002 -15"><span class='ocrx_word' id='word_1_267' title='bbox 216 2414 407 2470; x_wconf 74' lang='lat' dir='ltr'><strong>plumae,</strong></span> <span class='ocrx_word' id='word_1_268' title='bbox 436 2415 736 2457; x_wconf 82' lang='lat' dir='ltr'><strong>instrumenta</strong></span> <span class='ocrx_word' id='word_1_269' title='bbox 760 2415 890 2457; x_wconf 84' lang='lat' dir='ltr'><strong>luxus</strong></span> <span class='ocrx_word' id='word_1_270' title='bbox 903 2430 914 2465; x_wconf 87' lang='lat'><strong>;</strong></span> <span class='ocrx_word' id='word_1_271' title='bbox 941 2417 994 2459; x_wconf 87' lang='lat' dir='ltr'><strong>cf.</strong></span> <span class='ocrx_word' id='word_1_272' title='bbox 1015 2416 1127 2459; x_wconf 90' lang='lat' dir='ltr'><strong>Plin.</strong></span> <span class='ocrx_word' id='word_1_273' title='bbox 1155 2417 1205 2460; x_wconf 91' lang='lat' dir='ltr'><strong>N.</strong></span> <span class='ocrx_word' id='word_1_274' title='bbox 1225 2417 1281 2459; x_wconf 87' lang='lat' dir='ltr'><strong>H.</strong></span> <span class='ocrx_word' id='word_1_275' title='bbox 1301 2417 1353 2459; x_wconf 77' lang='lat' dir='ltr'><strong>X.</strong></span> <span class='ocrx_word' id='word_1_276' title='bbox 1373 2419 1443 2460; x_wconf 78' lang='lat'><strong>54.</strong></span> <span class='ocrx_word' id='word_1_277' title='bbox 1468 2418 1523 2460; x_wconf 91' lang='lat' dir='ltr'><strong>de</strong></span> <span class='ocrx_word' id='word_1_278' title='bbox 1547 2419 1728 2473; x_wconf 86' lang='lat' dir='ltr'><strong>pluma:</strong></span> 
     </span>
     <span class='ocr_line' id='line_1_30' title="bbox 229 2491 1728 2550; baseline 0.005 -19"><span class='ocrx_word' id='word_1_279' title='bbox 229 2492 405 2550; x_wconf 79' lang='lat' dir='ltr'><strong>«quue</strong></span> <span class='ocrx_word' id='word_1_280' title='bbox 430 2491 599 2534; x_wconf 81' lang='lat' dir='ltr'><strong>deliciae</strong></span> <span class='ocrx_word' id='word_1_281' title='bbox 625 2505 892 2546; x_wconf 88' lang='lat' dir='ltr'><strong>processere,</strong></span> <span class='ocrx_word' id='word_1_282' title='bbox 920 2496 972 2536; x_wconf 87' lang='lat' dir='ltr'><strong>ut</strong></span> <span class='ocrx_word' id='word_1_283' title='bbox 995 2495 1092 2537; x_wconf 89' lang='lat' dir='ltr'><strong>sine</strong></span> <span class='ocrx_word' id='word_1_284' title='bbox 1118 2495 1204 2537; x_wconf 92' lang='lat' dir='ltr'><strong>hoc</strong></span> <span class='ocrx_word' id='word_1_285' title='bbox 1241 2496 1542 2538; x_wconf 88' lang='lat' dir='ltr'><strong>instrumento</strong></span> <span class='ocrx_word' id='word_1_286' title='bbox 1570 2496 1728 2538; x_wconf 88' lang='lat' dir='ltr'><strong>durare</strong></span> 
     </span>
     <span class='ocr_line' id='line_1_31' title="bbox 217 2569 1729 2629; baseline 0.002 -16"><span class='ocrx_word' id='word_1_287' title='bbox 217 2570 313 2614; x_wconf 82' lang='lat' dir='ltr'><strong>iam</strong></span> <span class='ocrx_word' id='word_1_288' title='bbox 338 2583 395 2613; x_wconf 88' lang='lat' dir='ltr'><strong>ne</strong></span> <span class='ocrx_word' id='word_1_289' title='bbox 412 2570 609 2611; x_wconf 82' lang='lat' dir='ltr'><strong>virorum</strong></span> <span class='ocrx_word' id='word_1_290' title='bbox 635 2569 816 2624; x_wconf 88' lang='lat' dir='ltr'><strong>quidem</strong></span> <span class='ocrx_word' id='word_1_291' title='bbox 839 2572 1032 2615; x_wconf 86' lang='lat' dir='ltr'><strong>cervices</strong></span> <span class='ocrx_word' id='word_1_292' title='bbox 1055 2573 1273 2627; x_wconf 82' lang='lat' dir='ltr'><strong>possint».</strong></span> <span class='ocrx_word' id='word_1_293' title='bbox 1290 2598 1347 2602; x_wconf 88' lang='lat'><strong>—</strong></span> <span class='ocrx_word' id='word_1_294' title='bbox 1362 2574 1575 2629; x_wconf 74' lang='lat' dir='ltr'><strong>strayula</strong></span> <span class='ocrx_word' id='word_1_295' title='bbox 1585 2574 1729 2628; x_wconf 81' lang='lat' dir='ltr'><strong>pieta,</strong></span> 
     </span>
     <span class='ocr_line' id='line_1_32' title="bbox 224 2646 1725 2702; baseline 0.002 -13"><span class='ocrx_word' id='word_1_296' title='bbox 224 2660 307 2690; x_wconf 80' lang='lat' dir='ltr'><strong>acu</strong></span> <span class='ocrx_word' id='word_1_297' title='bbox 331 2648 477 2702; x_wconf 85' lang='lat' dir='ltr'><strong>picta;</strong></span> <span class='ocrx_word' id='word_1_298' title='bbox 503 2648 555 2689; x_wconf 81' lang='lat' dir='ltr'><strong>cf.</strong></span> <span class='ocrx_word' id='word_1_299' title='bbox 585 2646 673 2689; x_wconf 69' lang='lat' dir='ltr'><strong>Cic.⁴</strong></span> <span class='ocrx_word' id='word_1_300' title='bbox 700 2647 825 2691; x_wconf 83' lang='lat' dir='ltr'><strong>Tusc.</strong></span> <span class='ocrx_word' id='word_1_301' title='bbox 852 2648 903 2692; x_wconf 91' lang='lat' dir='ltr'><strong>V.</strong></span> <span class='ocrx_word' id='word_1_302' title='bbox 930 2650 1013 2693; x_wconf 73' lang='lat'><strong>21:</strong></span> <span class='ocrx_word' id='word_1_303' title='bbox 1045 2650 1290 2694; x_wconf 82' lang='lat' dir='ltr'><strong>«Collocari</strong></span> <span class='ocrx_word' id='word_1_304' title='bbox 1329 2651 1459 2693; x_wconf 88' lang='lat' dir='ltr'><strong>iussit</strong></span> <span class='ocrx_word' id='word_1_305' title='bbox 1497 2651 1725 2692; x_wconf 89' lang='lat' dir='ltr'><strong>hominem</strong></span> 
     </span>
     <span class='ocr_line' id='line_1_33' title="bbox 223 2722 1726 2782; baseline 0.001 -15"><span class='ocrx_word' id='word_1_306' title='bbox 223 2722 275 2767; x_wconf 87' lang='lat' dir='ltr'><strong>in</strong></span> <span class='ocrx_word' id='word_1_307' title='bbox 299 2737 436 2767; x_wconf 88' lang='lat' dir='ltr'><strong>aureo</strong></span> <span class='ocrx_word' id='word_1_308' title='bbox 461 2724 589 2774; x_wconf 85' lang='lat' dir='ltr'><strong>lecto,</strong></span> <span class='ocrx_word' id='word_1_309' title='bbox 618 2727 756 2768; x_wconf 84' lang='lat' dir='ltr'><strong>strato</strong></span> <span class='ocrx_word' id='word_1_310' title='bbox 793 2726 1106 2780; x_wconf 84' lang='lat' dir='ltr'><strong>pulcherrimo,</strong></span> <span class='ocrx_word' id='word_1_311' title='bbox 1134 2728 1278 2771; x_wconf 84' lang='lat' dir='ltr'><strong>textili</strong></span> <span class='ocrx_word' id='word_1_312' title='bbox 1317 2728 1513 2782; x_wconf 86' lang='lat' dir='ltr'><strong>stragulo</strong></span> <span class='ocrx_word' id='word_1_313' title='bbox 1556 2728 1726 2780; x_wconf 86' lang='lat' dir='ltr'><strong>magni-</strong></span> 
     </span>
    </p>
   </div>
  </div>
 </body>
</html>
