1942 3132
687 711 1157 768 EXGURSUS.

534 899 567 940 Ι.
596 899 659 940 De
688 899 845 950 elegiis
871 898 1075 940 Πετεῶο
1103 899 1304 940 sacratis.

229 1025 392 1080 Elegiae
417 1025 621 1068 Marathe
648 1028 827 1068 sacratae
856 1025 973 1068 inter
997 1026 1150 1068 omnia
1175 1025 1340 1068 Tibulli
1367 1028 1565 1070 carmina
1590 1029 1674 1070 mi-

167 1101 283 1143 nimi
309 1104 414 1144 sunt
435 1101 707 1151 aestimanda,
725 1115 861 1156 quare
882 1102 931 1143 in
953 1102 1010 1144 iis
1030 1102 1177 1156 prima
1198 1116 1387 1157 poeseos
1410 1103 1671 1146 Tibullianae

170 1178 422 1221 rudimenta
447 1192 684 1233 agnoscere
711 1180 826 1221 mihi
853 1179 1016 1222 videor.
1043 1179 1199 1234 Elegia
1230 1183 1400 1237 quarta
1430 1181 1479 1234 (Ι.
1514 1183 1574 1234 4.)
1606 1186 1677 1225 est

169 1259 286 1298 certe
324 1256 514 1298 imitatio
552 1270 739 1310 poeseos
786 1256 981 1311 Priapeae
1027 1258 1337 1300 Alexandrinae
1383 1260 1675 1315 continetque

170 1331 374 1387 syllogen
398 1332 593 1374 locorum
622 1334 930 1375 communium
957 1334 1077 1388 apud
1103 1335 1341 1389 scriptores
1368 1337 1557 1378 eroticos
1582 1337 1672 1379 iam

168 1409 343 1463 pridem
368 1410 590 1458 tritorum,
616 1412 777 1453 octava
804 1410 854 1462 (Ι.
883 1411 942 1461 8.)
968 1414 1119 1452 autem
1146 1414 1189 1452 et
1220 1423 1345 1454 nona
1381 1411 1430 1464 (I.
1472 1414 1531 1466 9.)
1568 1416 1677 1455 sunt

169 1487 297 1540 quasi
322 1487 432 1529 echo
471 1485 644 1545 Μούσης
681 1487 875 1544 παιδικῆς
916 1487 1330 1530 Alexandrinorum.
1370 1488 1586 1531 Praeterea
1623 1490 1672 1531 in

170 1564 311 1618 elegia
337 1564 490 1607 octava
521 1567 833 1619 argumentum
872 1565 1022 1619 ipsum
1059 1554 1370 1619 turpissimum
1409 1570 1500 1608 est:
1539 1570 1676 1621 poeta

170 1643 290 1683 amat
324 1640 592 1689 Marathum,
635 1654 826 1695 puerum
865 1641 1115 1695 pulchrum,
1156 1641 1230 1683 hic
1268 1645 1418 1684 autem
1455 1642 1670 1692 Pholoen,

169 1718 367 1772 puellam
392 1718 623 1772 pulchram
650 1717 826 1773 deperit
853 1721 896 1760 et
921 1721 1054 1773 poeta
1078 1719 1205 1773 pueri
1231 1733 1409 1761 causam
1437 1719 1555 1774 apud
1590 1734 1670 1774 pu-

170 1794 303 1836 ellam
330 1795 445 1848 agit;
473 1795 615 1848 elegia
640 1797 790 1836 autem
819 1807 942 1837 nona
972 1798 1074 1847 (vss.
1117 1797 1325 1848 53—76.)
1364 1799 1504 1838 scatet
1540 1798 1671 1839 rebus

170 1871 516 1914 obscenissimis.
559 1871 728 1913 Novam
769 1871 1021 1925 ingreditur
1060 1871 1263 1913 Tibullus
1303 1872 1422 1914 viam
1463 1872 1568 1914 inde
1615 1873 1670 1915 ab

170 1948 312 2002 elegia
336 1947 538 1991 decima:
564 1962 684 1990 nunc
709 1949 904 2002 primum
932 1962 1039 1991 suus
1066 1963 1164 1991 esse
1190 1950 1348 2004 incipit
1367 1949 1670 1992 dulcissimos-

170 2038 255 2080 que
281 2038 440 2067 sensus
466 2025 706 2067 amatorios
746 2024 937 2067 iucunde
976 2026 1135 2068 miscet
1171 2025 1301 2068 laude
1338 2027 1440 2068 vitae
1479 2028 1668 2069 rusticae.

169 2102 234 2144 Ex
257 2102 341 2145 hoc
366 2105 566 2157 tempore
592 2104 790 2145 carmina
818 2103 971 2146 scribit
996 2103 1206 2146 omnibus
1231 2105 1432 2147 numeris
1466 2105 1671 2148 absoluta

169 2179 217 2233 (L
249 2181 328 2230 10;
354 2180 389 2222 Ι.
418 2183 456 2226 3,
489 2183 524 2230 1,
553 2183 593 2227 5,
623 2182 660 2231 ⁶2,
691 2182 742 2229 6;
769 2181 802 2223 Ι.
832 2182 886 2232 7;
913 2181 967 2223 Π.
1001 2183 1057 2234 1.)
1082 2182 1352 2236 ingenioque
1375 2196 1456 2224 suo
1478 2183 1669 2225 maxime

169 2258 361 2312 propria,
389 2258 507 2299 inter
527 2271 623 2312 quae
646 2258 822 2300 nullum
846 2258 1007 2300 habere
1028 2262 1219 2314 possunt
1241 2259 1387 2301 locum
1409 2260 1521 2302 tales
1545 2260 1669 2314 inep—

170 2333 256 2384 tiae,
283 2333 435 2387 quales
460 2334 493 2376 Ι.
522 2336 562 2382 4,
591 2336 631 2383 8,
659 2335 700 2377 9.
729 2334 1027 2377 continentur.

228 2409 293 2452 Ne
317 2409 364 2452 id
389 2410 567 2464 quidem
593 2411 769 2453 minimi
798 2415 866 2455 est
890 2413 1120 2457 momenti.
1150 2412 1268 2467 quod
1293 2412 1507 2463 Tibullus,
1547 2418 1669 2468 post-

169 2500 302 2542 quam
326 2487 376 2529 in
401 2487 519 2530 bello
544 2488 810 2543 Aquitanico
836 2488 1057 2532 Messallae
1084 2490 1327 2532 amicitiam
1366 2490 1450 2532 sibi
1487 2490 1670 2533 concili-

169 2564 272 2616 avit,
300 2563 410 2606 adeo
442 2563 617 2608 deditus
655 2566 740 2608 fuit
778 2567 874 2609 viro
912 2567 980 2609 illi
1017 2569 1401 2622 praestantissimo,
1442 2572 1491 2610 ut
1528 2571 1669 2610 totam

169 2641 260 2683 fere
284 2641 442 2696 poesin
469 2654 595 2684 suam
621 2642 663 2684 ei
688 2643 940 2686 sacraverit.
963 2644 1077 2686 Eum
1101 2645 1343 2699 alloquitur
1363 2645 1494 2686 initio
1519 2645 1671 2698 elegiae

171 2717 313 2762 tertioe
337 2719 437 2770 (vss.
471 2719 640 2771 1—2.):
