1942 3132
255 211 322 245 122
826 223 882 251 An
903 223 933 252 1.
957 222 990 260 3,
1018 221 1184 251 63—-72,

254 354 422 395 seges».
462 365 521 369 ——
560 352 698 397 scycS,
748 340 803 382 de
863 340 1097 382 fruticibus
1164 339 1372 386 odoratis,
1425 341 1475 380 ut
1523 339 1641 380 infra
1685 338 1756 380 IV.

255 420 295 464 2,
348 419 426 460 18:
466 416 645 459 «Cultor
683 417 877 459 odoratae
918 417 1041 459 dives
1082 416 1223 457 Arabs
1265 415 1469 468 segetis».
1509 440 1568 444 ——
1606 413 1760 458 Floret

255 493 460 537 odoratis
501 498 624 537 terra
665 494 861 550 bcniyna
900 493 1033 545 νοείε,
1060 497 1110 534 ut
1141 493 1268 546 Prop.
1296 480 1367 533 IV.
1410 492 1449 541 7,
1494 493 1576 534 60:
1621 492 1760 534 «Mul-

254 574 323 613 cet
359 571 436 612 ubi
474 571 649 624 Elysias
687 573 807 612 terra
840 570 1037 625 ‘benigna
1080 582 1247 611 rosas».
1288 593 1346 596 —
1384 570 1509 611 terra
1549 567 1762 625 bcniyna,

254 648 426 690 fertilis.
933 679 935 683 .

314 723 363 765 V.
394 724 582 765 63-66.
621 722 791 777 proelia
831 721 986 765 miscet
1027 721 1185 770 Amor,
1228 723 1278 762 ut
1319 734 1453 774 supra
1494 721 1526 761 I.
1572 721 1638 770 10,
1678 722 1762 762 53:

261 798 373 841 «Sed
394 799 582 841 Veneris
608 802 715 840 tunc
740 799 860 840 bella
886 799 1074 840 caient».
1091 798 1431 852 —cuicumque
1456 808 1612 851 ‘rapax
1635 809 1762 839 ‘mor-s
1799 819 1801 821 ·

256 877 375 919 venit
415 877 609 929 amanti,
649 877 700 918 cf.
729 876 857 929 Verg.
885 858 994 917 Aen.
1023 875 1094 917 VI.
1124 875 1374 916 442—444.
1416 874 1470 914 de
1509 874 1770 916 amantibus:

256 953 304 995 in
331 952 468 995 Orco:
502 954 612 995 «Hic
638 947 749 1007 quos
793 953 929 994 durus
968 965 1093 993 amor
1130 951 1299 992 crudeli
1336 951 1437 991 tabe
1475 949 1771 1004 peredit‚²Se-·

256 1031 363 1071 creti
402 1031 548 1072 celant
587 1030 723 1072 colles
763 1032 806 1070 et
840 1031 1016 1082 'myrtea
1054 1029 1220 1069 circum
1260 1027 1381 1069 Silva
1420 1028 1572 1080 tegit».
1601 1051 1660 1055 ——
1685 1026 1762 1068 in-

256 1107 379 1162 siyni
405 1140 413 1148 .
444 1141 452 1148 .
485 1141 493 1148 .
523 1119 667 1155 coma,
710 1106 814 1159 quia
853 1105 984 1146 sertis
1023 1106 1182 1146 ornata
1221 1106 1298 1145 est.
1327 1127 1387 1132 —
1411 1106 1590 1159 ‘myrtea
1628 1105 1761 1153 serta,

257 1185 362 1238 quia
401 1187 573 1237 myrtus
611 1183 775 1225 Veneri
814 1196 938 1224 sacra
982 1184 1072 1233 est;
1107 1183 1159 1223 cf.
1200 1181 1326 1235 Verg.
1363 1181 1453 1222 Ecl.
1491 1182 1530 1231 7,
1559 1182 1764 1222 61—62:

263 1261 484 1315 «Populus
511 1260 675 1302 Alcidae
705 1260 971 1313 gratissima,
1001 1259 1106 1299 vitis
1134 1259 1306 1308 Iaccho,
1335 1256 1763 1311 Formosae'myrtus

255 1338 432 1387 Veneri,
466 1351 547 1379 sua
572 1338 728 1378 laurea
749 1336 957 1377 Phaebo».

316 1413 365 1455 V.
396 1415 585 1455 67—702.
615 1413 840 1455 scelerata
867 1446 875 1453 .
905 1445 912 1453 .
946 1443 954 1452 .
983 1409 1123 1459 sedes,
1155 1424 1210 1452 sc.
1242 1411 1570 1459 sceleratorum,
1612 1410 1763 1451 Tarta-

258 1505 331 1532 rus
348 1506 358 1540 3
387 1492 438 1532 cf.
469 1491 545 1532 Ov.
574 1490 678 1531 Met.
707 1490 779 1531 IV.
809 1490 923 1530 456:
957 1487 1107 1530 «sedes
1140 1488 1355 1529 scelerata
1380 1490 1604 1528 vocatur».
1631 1511 1691 1515 —
1716 1487 1767 1529 in

256 1569 382 1610 ‘nocte
417 1566 668 1623 profunda,
708 1568 757 1607 ut
782 1565 909 1618 Verg.
937 1565 1045 1606 Aen.
1075 1564 1146 1605 IV.
1178 1565 1260 1605 26⁷:
1296 1563 1545 1618 «Pallentes
1583 1563 1765 1604 umbras

257 1646 388 1687 Erebi
430 1648 695 1698 noctemque
737 1642 1049 1696 profundam».
1078 1666 1135 1670 —
1176 1653 1318 1696 quam
1359 1640 1531 1682 circum
1570 1639 1768 1695 flumina

259 1723 397 1778 niqra
436 1724 617 1771 sonant,
658 1721 710 1762 cf.
739 1720 869 1772 Verg.
910 1719 1019 1759 Aen.
1048 1718 1120 1759 VI.
1162 1717 1411 1758 550—551.
1453 1716 1505 1757 de
1544 1716 1777 1759 moenibus·

260 1800 457 1841 Tartari:
504 1799 633 1851 «Quae
672 1797 856 1851 rapidus
894 1796 1089 1838 flammis
1132 1795 1270 1836 ambit
1311 1794 1583 1836 torrentibus
1622 1795 1767 1836 amnis

261 1877 496 1918 Tartareus
523 1875 805 1928 Phlegethon
843 1875 1107 1927 torquetque
1146 1873 1354 1914 sonantia
1381 1886 1527 1914 saxa».
1555 1896 1612 1901 —
1647 1870 1767 1914 Tisi-

254 1953 497 2009 phoneque
523 1953 710 2007 impeoea
749 1951 873 2007 feros
893 1961 981 2005 pro
1008 1949 1213 1992 crinibus
1251 1961 1424 2004 anyucs
1452 1947 1590 1991 Sceuit
1616 1950 1657 1991 ct
1683 1947 1769 1990 huc

261 2030 372 2072 illuc
396 2028 544 2084 impia
571 2027 707 2070 turba
731 2026 867 2083 sumt,
892 2026 1135 2080 Tisiphone
1175 2026 1291 2066 furia
1327 2026 1460 2079 punit
1485 2025 1694 2067 scelestos
1721 2025 1768 2065 in

262 2107 444 2148 Tartaro
473 2106 608 2146 etiam
634 2104 761 2157 Verg.
791 2104 899 2145 Aen.
927 2104 999 2145 VI.
1029 2104 1292 2145 570—572:
1326 2102 1574 2145 «Continuo
1616 2105 1768 2143 sontes

262 2183 398 2224 ultrix
423 2194 609 2223 accensa
633 2180 812 2233 fiagello
839 2180 1084 2233 Tisiphone
1112 2181 1253 2233 quatit
1279 2179 1505 2220 insultans
1531 2183 1767 2230 torvosque

265 2261 446 2303 sinistra
472 2260 709 2300 Intentans
737 2271 903 2311 angues
931 2260 1060 2299 vocat
1088 2256 1268 2309 agmina
1295 2269 1410 2297 saeva
1436 2268 1681 2297 sororum».
1710 2278 1769 2282 —

264 2337 450 2390 impecca
489 2335 611 2391 feros
644 2346 732 2389 pro
773 2332 978 2375 crinibus
1015 2345 1205 2388 anyues,
1235 2346 1331 2385 quae
1363 2345 1443 2385 pro
1470 2331 1663 2372 crinibus
1690 2344 1768 2371 an-

264 2425 372 2465 gues
399 2413 446 2453 in
473 2413 618 2465 capite
647 2411 795 2454 habet.
826 2424 922 2463 quae
949 2423 1041 2451 non
1069 2409 1277 2457 crinibus,
1307 2408 1384 2449 sed
1410 2407 1628 2461 anguibus
1666 2407 1766 2448 hor-

266 2491 333 2530 ret
346 2503 356 2538 ;
397 2489 448 2529 cf.
476 2488 603 2540 Verg.
643 2488 750 2528 Aen.
779 2487 851 2527 VI.
893 2487 991 2527 419.
1034 2485 1085 2526 de
1125 2485 1342 2526 Cerbero:
1376 2484 1576 2524 «horrere
1613 2482 1768 2523 videns

267 2566 357 2607 iam
394 2565 509 2606 colla
547 2564 784 2612 colubris»;
824 2562 900 2604 Ov.
941 2562 1045 2603 Met.
1086 2562 1137 2604 X.
1169 2564 1280 2605 349:
1310 2562 1421 2603 «Nec
1458 2564 1631 2603 metuas
1673 2564 1768 2602 atro

268 2642 450 2683 crinitas
477 2653 620 2692 angue
648 2652 846 2680 sorores»
880 2641 922 2679 et
948 2638 1052 2679 Met.
1081 2638 1152 2680 IV.
1181 2640 1294 2680 454:
1329 2638 1503 2691 «Deque
1530 2636 1622 2677 suis
1649 2639 1768 2677 atros

267 2717 504 2773 pectebant
536 2716 731 2758 crinibus
775 2728 968 2768 angues»
1001 2728 1058 2757 sc.
1102 2715 1275 2764 Furiae;
1315 2715 1443 2767 Prop.
1484 2712 1562 2754 III.
1604 2714 1643 2761 5,
1683 2713 1768 2754 40:
