1942 3132
264 201 336 237 328
863 219 1078 249 EXOURSUS
1099 221 1156 250 VI.

264 332 388 373 cuius
426 332 557 374 domo
595 334 744 387 puella
784 336 1000 379 habitat*
1037 336 1252 378 Praeterea
1289 337 1490 380 Tibullus
1528 340 1576 380 in
1613 341 1757 395 elegia

265 408 396 450 secvta
421 408 468 459 (Ι.
498 410 534 458 6,
568 410 772 462 75—82.)
797 410 971 453 Deliam
999 413 1069 454 his
1096 413 1230 454 minis
1257 415 1417 455 terret:

420 536 503 575 Nec
533 550 638 576 saevo
668 538 723 576 sis
752 540 862 578 casta
890 542 1012 586 metu,
1044 540 1114 579 sed
1143 543 1279 579 mente
1308 541 1442 580 fideli:

475 607 641 648 Mutuus
670 607 830 648 absenti
857 612 896 649 te
925 612 1030 649 mihi
1061 614 1193 650 servet
1222 626 1347 652 amor.

420 678 474 716 At
505 691 591 728 quae
621 678 703 718 fida
730 679 807 719 fuit
836 682 949 728 nulli,
981 695 1077 721 mox
1104 684 1211 721 Victa
1240 686 1403 723 senecta

474 749 600 787 Ducit
626 750 748 800 inops
776 752 951 790 tremula
980 754 1158 792 stamina
1186 755 1295 793 torta
1323 767 1450 793 manu

421 819 643 870 Firmaque
673 817 884 860 conductis
908 822 1094 861 >adnectit
1120 824 1216 862 licia
1243 825 1336 862 telis

477 890 702 941 Tractaque
734 891 783 930 de
813 893 933 931 niveo
963 894 1109 932 vellere
1139 894 1260 933 ducta
1287 896 1415 944 putat.

420 960 540 999 Hanc
571 962 709 1001 animo
738 962 939 1011 gaudente
967 964 1109 1003 vident
1136 966 1410 1015 iuvenumque
1440 968 1610 1005 catervae

475 1031 810 1072 Commemorant
839 1035 984 1072 merito
1015 1036 1076 1073 tot
1106 1038 1214 1073 mala
1242 1036 1346 1074 ferre
1376 1049 1527 1075 senem.

261 1173 378 1214 Dicit
403 1173 540 1227 igitur
564 1175 751 1226 Deliam,
782 1177 818 1218 si
844 1176 1036 1219 infidelis
1063 1179 1212 1220 futura
1239 1179 1306 1227 sit,
1348 1181 1575 1221 communi
1612 1193 1752 1221 mere-

259 1251 419 1292 tricum
457 1252 547 1292 fato
585 1253 793 1305 punitum
832 1254 912 1295 iri:
954 1257 1177 1296 senectute
1218 1256 1476 1304 confectam,
1520 1269 1621 1298 cum
1662 1258 1753 1299 iam

262 1327 412 1368 nullos
437 1328 672 1370 inventura
700 1329 755 1371 sit
792 1332 1024 1381 amatores,
1069 1332 1234 1373 victum
1271 1332 1465 1374 lanificio
1503 1334 1751 1375 miserrime

261 1404 557 1457 quaesituram.
588 1405 724 1457 Quod,
753 1420 854 1447 mea
880 1407 1057 1460 quidem
1096 1410 1328 1459 sententia,
1370 1410 1440 1451 vix
1479 1410 1660 1452 dixisset
1699 1411 1750 1452 de

260 1481 425 1522 femina
452 1485 604 1536 nupta,
635 1496 765 1536 quam
805 1484 902 1525 iura
938 1485 1212 1526 matrimonii
1251 1486 1439 1539 legitimi
1478 1500 1505 1528 a
1541 1487 1621 1529 tali
1660 1488 1750 1529 fato

256 1556 510 1600 defendunt.

679 1793 750 1832 VI.
780 1794 841 1832 De
873 1792 1081 1832 Cerintho
1111 1793 1328 1845 Sulpiciae.

315 1941 496 1983 Amator
521 1941 737 1996 Sulpiciae,
769 1956 901 1996 quam
926 1944 1098 1996 poetria
1124 1944 1172 1985 in
1205 1944 1407 1998 epistulis
1445 1946 1530 1998 (IV.
1572 1947 1748 1999 7—12.)

257 2019 300 2059 et
326 2018 484 2059 deinde
511 2019 711 2061 Tibullus
737 2019 784 2060 in
819 2019 1016 2074 elegidiis
1049 2020 1102 2061 de
1141 2033 1289 2062 amore
1329 2020 1533 2075 Sulpiciae
1572 2023 1746 2076 scriptis

255 2094 339 2147 (IV.
363 2096 509 2147 ssah.)
536 2093 799 2139 Cerinthum
821 2097 1038 2147 nominat,
1058 2099 1151 2138 erat
1171 2111 1273 2139 vero
1295 2099 1477 2140 nomine
1502 2096 1746 2153 Cornutus,

257 2172 427 2213 amicus
453 2171 629 2222 Tibulli,
660 2172 716 2213 ad
742 2186 873 2226 quem
909 2175 1042 2226 poeta
1078 2174 1132 2214 Π.
1174 2175 1211 2215 2.
1254 2176 1297 2215 et
1335 2175 1373 2216 3.
1414 2175 1601 2229 scripsit.
1640 2176 1747 2218 Pars

255 2250 375 2290 enim
402 2248 603 2290 codicum
629 2249 682 2289 II.
712 2251 751 2299 2,
780 2251 820 2291 9.
849 2252 891 2290 et
916 2250 970 2291 II.
1002 2251 1038 2299 3,
1072 2251 1107 2291 1.
1134 2263 1213 2304 pro
1243 2250 1437 2293 Cornuto
1479 2249 1746 2295 Cerinthum

257 2325 446 2375 exhibet,
474 2326 591 2367 unde
617 2327 713 2368 iure
741 2329 1019 2382 suspicamur
1045 2329 1181 2370 fuisse
1206 2329 1255 2369 in
1281 2329 1518 2382 archetypo
1545 2329 1745 2371 codicum
1782 2379 1785 2382 ¹

255 2403 511 2443 nostrorum
536 2405 689 2444 notam
728 2404 1020 2457 marginalem
1061 2404 1252 2458 antiquae
1291 2404 1487 2458 originis,
1527 2404 1603 2446 ubi
1640 2418 1744 2446 vero

254 2478 427 2519 nomini
444 2476 715 2534 (Cornutus)
734 2481 936 2534 apposita
955 2484 1070 2522 esset
1086 2494 1252 2522 nomen
1268 2480 1419 2522 fictum
1436 2477 1745 2536 (Gem'nthusss

257 2568 308 2595 ex
334 2555 415 2596 hac
442 2557 591 2596 autem
628 2559 735 2598 nota
773 2560 945 2610 partem
983 2557 1184 2599 codicum
1222 2556 1416 2606 Cornuti,
1456 2560 1627 2611 partem
1665 2557 1742 2600 Ce-

306 2688 335 2722 '*
362 2701 415 2736 cf.
442 2700 579 2736 Tibuu.
605 2701 637 2735 I.
663 2701 696 2743 8,
723 2701 874 2735 55—60.
