1942 3132
255 217 321 251 152
823 230 879 259 An
899 231 930 259 1.
954 229 989 267 5,
1012 228 1179 258 67—76.

247 349 365 389 lenae
390 349 602 401 leguntur
627 347 745 401 apud
769 347 897 401 Prop.
926 348 997 389 IV.
1027 349 1065 397 5,
1097 348 1165 388 021.
1195 360 1286 400 sqq.
1316 348 1360 388 et
1385 345 1461 388 Ov.
1477 346 1572 388 Am.
1589 346 1621 388 I.
1640 348 1678 388 8.
1697 371 1753 376 -

249 436 429 480 pauper
466 423 614 466 adibit
639 422 837 473 Primus,
865 425 1037 478 primus
1066 425 1318 464 amatorum
1344 423 1392 464 in
1419 422 1603 464 domum
1627 425 1752 463 tuam

253 501 413 549 veniet,
441 502 491 541 ut
516 502 559 541 te
588 514 717 541 mane
746 501 921 543 salutet.
949 526 1008 529 —
1033 500 1083 543 in
1123 502 1273 542 tenero
1317 500 1441 556 fimus
1478 499 1563 542 erit
1602 499 1752 548 latere,

254 590 347 618 non
386 575 582 618 discedet
609 590 634 618 a
660 576 798 618 latere
824 579 927 627 tuo3
967 578 1019 618 cf.
1049 576 1208 618 Catull.
1239 578 1307 624 21,
1337 577 1389 618 6:
1429 576 1612 618 «iocaris
1649 588 1752 624 una,

256 653 396 695 haeres
424 653 479 693 ad
515 654 657 694 latus»
691 655 736 695 et
761 651 837 695 Ov.
866 654 961 695 Am.
989 653 1067 694 ΙΙΙ.
1102 654 1166 696 11.
1201 653 1279 694 17;
1314 652 1526 704 «Quando
1555 665 1636 705 ego
1663 665 1756 695 non

255 728 367 770 fixus
405 729 534 770 lateri
573 729 797 782 patienter
837 730 1058 772 adhaesiP»
1090 754 1149 757 —-
1175 727 1464 784 Subicietque
1490 741 1668 777 manus,
1697 742 1754 770 sc.

258 806 465 847 bracchio
493 808 582 847 tuo.
611 830 670 833 ——
696 804 944 861 efficietque
981 806 1118 854 viam,
1147 805 1266 846 idem
1303 804 1504 858 praecipit
1526 803 1602 846 Ov.
1630 804 1678 846 A.
1706 804 1754 846 A.

255 883 310 924 Π.
340 884 452 924 210:
477 883 600 935 «Ipse
627 883 696 923 fac
722 883 769 923 in
794 882 935 928 turba,
965 896 1052 936 qua
1077 882 1199 923 venit
1225 881 1314 929 illa,
1343 881 1534 922 locum».
1553 905 1611 908 -ῌ
1628 878 1756 923 Pau-

255 971 337 1014 per
376 958 438 1001 ad
478 958 673 1002 occultos
714 959 877 1015 furtim
918 957 1105 1001 deducet
1151 958 1336 1005 amicos,
1385 958 1459 1012 qui
1507 958 1758 999 convivium

258 1035 484 1077 celebrant
522 1036 621 1077 loco
664 1036 848 1085 occulto,
889 1035 965 1076 ubi
1006 1048 1139 1076 nemo
1182 1047 1258 1075 eos
1297 1034 1475 1075 turbare
1515 1036 1674 1087 potest.
1702 1058 1761 1061 —

251 1113 455 1155 >occultos
493 1112 667 1168 furtim.
709 1113 935 1153 cumulate
974 1112 1156 1162 dictum,
1185 1114 1234 1152 ut
1260 1111 1378 1152 infra
1403 1112 1457 1152 Π.
1489 1113 1527 1158 6,
1557 1111 1760 1152 45——462

265 1189 531 1242 «furtimque
558 1188 745 1230 tabellas
761 1187 942 1229 Occulto
958 1190 1142 1241 portans
1169 1187 1288 1240 itque
1314 1187 1516 1241 reditque
1543 1187 1687 1228 sinu».
1704 1211 1762 1214 —

268 1263 514 1323 Vinclaque
545 1264 600 1307 de
638 1265 767 1308 niveo
805 1263 1011 1307 detrahet
1049 1264 1145 1319 ipse
1179 1263 1306 1320 pede,
1338 1264 1495 1311 soleas,
1526 1262 1644 1317 quod
1671 1265 1766 1304 erat

261 1341 419 1383 servile
447 1341 642 1384 officium
656 1357 666 1391 ;
695 1342 867 1395 antiqui
895 1342 1016 1383 enim
1043 1342 1138 1383 sine
1165 1341 1300 1383 soleis
1322 1355 1487 1383 mensae
1506 1340 1763 1382 accumbere

262 1417 478 1459 solebant.
519 1418 643 1459 Idem
681 1419 881 1472 praecipit
908 1418 984 1460 Ov.
1012 1418 1059 1460 A.
1088 1419 1136 1460 A.
1166 1418 1220 1459 II.
1252 1419 1362 1460 212:
1396 1418 1474 1458 «Et
1512 1420 1666 1458 tenero
1694 1429 1763 1457 so-

260 1494 378 1535 leam
405 1494 533 1535 deme
561 1494 630 1535 vel
657 1494 768 1535 adde
795 1494 940 1548 pedi».
979 1493 1154 1545 Vincla,
1183 1496 1233 1535 ut
1258 1494 1383 1547 Verg.
1413 1494 1520 1535 Aen.
1550 1493 1621 1535 IV.
1651 1493 1764 1534 518:

270 1571 443 1613 «Unum
471 1573 602 1612 exuta
626 1571 786 1625 pedem
810 1572 1013 1613 vinclis».

322 1647 371 1689 V.
402 1648 590 1689 67—-70.
610 1645 713 1690 Heu
729 1646 941 1690 canimus
967 1648 1148 1703 frustra
1171 1659 1253 1689 'nec
1269 1646 1419 1689 verbis
1437 1646 1556 1689 victa
1575 1645 1768 1701 patescit

267 1722 430 1772 Ianua,
459 1723 588 1777 fingit
614 1725 734 1765 enim
760 1725 961 1766 Tibullus
988 1738 1035 1766 se
1062 1727 1164 1766 ante
1203 1725 1389 1766 ianuam
1414 1724 1614 1765 clausam
1652 1725 1768 1765 stare

268 1804 311 1842 et
350 1802 464 1842 hanc
503 1801 692 1854 elegiam
734 1814 904 1843 canere.
939 1802 1019 1843 Est
1059 1801 1197 1854 igitur
1233 1804 1379 1843 totum
1421 1813 1600 1842 carmen
1641 1799 1768 1854 quasi

260 1879 657 1934 ,παρακλαυσίθυρον
685 1879 749 1929 (ut
777 1877 918 1920 Graeei
957 1878 1041 1920 hoc
1078 1891 1220 1931 genus
1259 1878 1468 1919 carminis
1501 1879 1686 1926 vocant3
1713 1877 1766 1918 cf.

265 1955 378 1996 Plut.
418 1955 537 1996 Erot.
568 1956 636 2006 8.),
681 1955 806 1995 cuius
848 1955 1050 2008 exempla
1088 1957 1193 1996 sunt
1235 1955 1354 2008 apud
1393 1954 1621 1996 Romanos
1658 1951 1766 1994 Hor.

267 2031 408 2074 Carm.
449 2032 526 2073 III.
574 2033 638 2081 10,
680 2031 808 2085 Prop.
849 2032 882 2073 I.
930 2033 992 2073 l6.
1037 2034 1081 2073 et
1121 2031 1197 2074 Ov.
1237 2031 1333 2072 Am.
1377 2032 1409 2072 I.
1451 2032 1490 2073 6.
1524 2055 1582 2059 ——
1617 2028 1768 2072 verbis

267 2109 386 2151 victa
412 2141 421 2150 .
450 2140 459 2149 .
489 2141 499 2149 .
528 2108 687 2157 ianua,
717 2112 767 2150 ut
792 2110 909 2150 infra
934 2109 966 2150 I.
997 2110 1037 2159 2,
1066 2110 1117 2150 9:
1150 2109 1328 2154 «Ianua,
1369 2109 1460 2149 iam
1497 2109 1651 2161 pateas
1689 2107 1769 2147 uni

269 2187 382 2228 mihi
407 2187 523 2227 victa
550 2185 783 2239 querelis».
814 2184 876 2227 Cf.
904 2186 1031 2239 Prop.
1059 2186 1092 2227 Ι.
1127 2187 1191 2235 16,
1222 2187 1303 2227 36;
1336 2185 1486 2226 «Victa
1516 2184 1628 2225 meis
1654 2197 1769 2225 nun-

271 2278 416 2318 quam.
446 2265 596 2312 ianua,
624 2263 927 2305 muneribus».
955 2288 1013 2291 ——
1034 2263 1176 2319 plena
1201 2275 1359 2313 mauu,
1387 2263 1440 2304 cf.
1469 2261 1568 2303 adn.
1598 2260 1653 2303 ad.
1678 2261 1711 2302 I.
1728 2262 1767 2310 9,

271 2342 352 2382 52:
386 2341 465 2382 «Et
490 2341 684 2394 pretium
710 2341 846 2394 plena
871 2341 1037 2394 grande
1063 2341 1227 2382 referre
1253 2353 1432 2381 manu».

331 2416 380 2457 V.
411 2417 598 2458 7lffl76.
640 2417 794 2471 potior
834 2429 956 2459 nunc
999 2429 1055 2465 es,
1085 2417 1137 2458 de
1179 2417 1305 2458 rivali
1349 2415 1556 2464 feliciore,
1584 2415 1635 2454 ut
1659 2412 1767 2454 Hor.

273 2494 351 2535 III.
381 2495 419 2541 9,
450 2495 590 2535 2—3:
624 2495 736 2535 «Nec
764 2495 999 2548 quisquam
1031 2495 1179 2548 potior
1215 2493 1421 2535 bracchia
1447 2489 1643 2532 candidae
1670 2487 1769 2530 Cer-

272 2571 358 2613 vici
383 2571 558 2611 iuvenis
597 2570 752 2611 dabat»
786 2574 828 2612 et
854 2570 992 2624 Epod.
1027 2572 1091 2619 15,
1125 2572 1202 2612 13:
1236 2569 1423 2623 «potiori
1453 2570 1497 2610 te
1524 2567 1626 2608 dare
1666 2579 1769 2608 noc·

274 2651 384 2690 tes».
411 2672 471 2676 —
495 2659 598 2688 mea
634 2646 736 2701 fata
770 2647 936 2697 timeto,
974 2649 1025 2688 ut
1061 2646 1169 2688 Hor.
1209 2645 1347 2700 Epod.
1392 2647 1456 2692 15,
1490 2645 1673 2686 17—18.
1715 2643 1771 2684 ad

275 2725 460 2768 rivalem
498 2724 767 2766 feliciorem:
808 2724 887 2766 «Et
927 2728 988 2774 tu,
1033 2725 1298 2778 quicumque
1340 2736 1387 2765 es
1428 2721 1600 2763 felicior
1641 2723 1771 2774 atque
