1942 3132
854 236 902 264 11.
932 234 966 264 4.

187 368 200 375 ⁶
277 354 364 397 Sed
389 354 542 398 Venus
569 356 674 397 ante
700 354 814 396 alios
841 356 910 394 est
935 353 1147 395 violanda
1173 354 1299 395 mihi.

214 431 302 475 Illa
324 432 496 474 malum
524 432 698 474 facinus
724 429 882 472 suadet
907 429 1226 483 dominamque
1252 443 1456 483 rapacem

276 509 364 551 Dat
389 509 528 551 mihi:
557 507 795 561 sacrilegas
821 507 989 548 sentiat
1014 507 1094 548 illa
1120 520 1294 548 manus.

216 584 254 627 Ο
280 588 443 640 pereat,
472 586 740 640 quicumque
766 578 874 638 legit
899 583 1153 638 viridesque
1181 583 1441 637 smaragdos

277 662 336 704 Et
359 663 537 704 niveam
563 662 695 717 Tyrio
722 661 892 703 murice
918 661 1054 714 tingit
1081 674 1224 702 ovem.

215 739 303 781 Hic
329 739 406 782 dat
430 740 625 781 avaritiae
652 751 810 781 causas
835 740 879 779 et
906 737 998 780 Coa
1023 738 1189 792 puellis

278 816 426 859 Vestis
452 819 497 859 et
522 831 545 859 e
571 816 704 859 rubro
730 815 879 857 lucida
904 816 1076 857 concha
1101 816 1228 857 mari.

218 893 324 935 Haec
352 894 494 936 fecere
519 895 686 936 malas:
714 894 820 935 hinc
847 894 1009 935 clavim
1035 894 1172 935 ianua
1199 894 1341 935 sensit

278 971 335 1013 Et
359 972 493 1026 coepit
518 973 668 1013 custos
692 971 865 1013 liminis
892 984 991 1012 esse
1017 971 1155 1012 canis.

218 1047 307 1090 Sed
332 1049 527 1103 pretium
554 1049 592 1090 si
617 1048 785 1103 grande
812 1049 942 1099 feras,
970 1047 1175 1090 custodia
1201 1049 1317 1090 victa
1344 1051 1423 1097 est,

280 1125 370 1177 Neo
395 1126 638 1180 prohibent
663 1126 808 1168 claves
836 1129 878 1168 et
905 1126 1030 1168 canis
1056 1126 1153 1183 ipse
1179 1129 1309 1168 tacet.

219 1202 324 1244 Heu
350 1203 615 1258 quicumque
642 1202 766 1245 dedit
790 1204 981 1245 formam
1010 1203 1200 1245 caelestis
1228 1216 1385 1247 avarae.

220 1335 224 1339 ἡ
281 1281 421 1333 Quale
450 1280 619 1323 bonum
643 1281 801 1322 multis
827 1281 980 1322 attulit
1006 1281 1083 1322 ille
1109 1281 1267 1322 malis!

220 1357 341 1399 Hinc
366 1358 500 1400 fietus
524 1359 716 1413 rixaeque
743 1361 921 1408 sonant,
951 1359 1045 1400 haec
1073 1359 1264 1413 denique
1292 1372 1426 1400 causa

279 1435 415 1486 Fecit,
445 1438 495 1477 ut
518 1435 702 1478 infamis
728 1449 849 1477 nunc
876 1435 985 1478 deus
1013 1439 1132 1478 esset
1155 1436 1307 1477 Amor.

219 1498 276 1554 At
301 1512 395 1563 tibi,
425 1526 522 1567 quae
548 1513 693 1567 pretio
719 1514 860 1555 victos
887 1513 1085 1555 excludis
1112 1515 1331 1562 amantes,

281 1589 488 1644 Eripiant
510 1592 662 1644 partas
688 1593 850 1632 ventus
877 1593 920 1632 et
946 1591 1064 1645 ignis
1092 1604 1227 1644 opes:

221 1666 342 1719 Quin
368 1670 445 1708 tua
469 1670 576 1709 tunc
601 1668 787 1710 iuvenes
814 1670 1017 1723 spectent
1042 1667 1252 1710 incendia
1277 1668 1382 1717 laeti,

283 1743 373 1785 Nec
399 1745 635 1798 quisquam
661 1743 852 1787 flammae
880 1745 1063 1787 sedulus
1089 1745 1224 1787 addat
1250 1758 1424 1799 aquam.

223 1819 315 1862 Seu
339 1821 490 1862 veniet
514 1821 595 1863 tibi
621 1835 754 1871 mors,
783 1835 866 1864 nec
892 1823 988 1871 erit,
1018 1823 1094 1876 qui
1121 1822 1283 1876 lugeat,
1314 1822 1447 1870 ullus,

285 1897 375 1938 Nec
400 1899 476 1951 qui
502 1897 577 1939 det
602 1900 780 1940 maestas
806 1912 971 1940 munus
999 1899 1046 1939 in
1075 1899 1317 1953 exsequias.

225 1974 283 2016 At
309 1974 426 2015 bona
451 1987 549 2027 quae
575 1988 658 2015 nec
685 1988 818 2016 avara
845 1975 940 2025 fuit,
968 1977 1148 2017 centum
1175 1975 1281 2017 licet
1306 1988 1451 2016 annos

287 2050 466 2101 Vixerit,
496 2050 727 2093 ardentem
753 2050 934 2094 flebitur
958 2056 1061 2094 ante
1088 2065 1271 2105 rogum:

227 2128 370 2182 Atque
397 2127 560 2182 aliquis
587 2128 739 2170 senior
763 2131 935 2170 veteres
960 2131 1199 2170 veneratus
1226 2141 1400 2170 amores

265 2199 450 2247 'Annua
475 2208 731 2247 constructo
757 2208 877 2247 serta
901 2205 1026 2247 dabit
1049 2206 1225 2248 tumulo

1623 222 1679 257 51<

226 2282 308 2323 Et:
342 2282 511 2324 «Bene»
549 2307 606 2310 —-
639 2281 871 2325 discedens
904 2283 1022 2326 dicet
1057 2307 1110 2312 —
1143 2283 1426 2339 «placideque
1459 2283 1674 2339 quiescas,

289 2359 510 2413 Terraque
539 2372 701 2400 seourae
728 2359 787 2401 sit
812 2373 948 2415 super
972 2374 1074 2403 ossa
1100 2361 1251 2403 levis.»

227 2436 345 2478 Vera
369 2436 549 2490 quidem
575 2449 752 2486 moneo,
781 2435 860 2478 sed
884 2441 1076 2492 prosunt
1101 2437 1208 2492 quid
1235 2437 1349 2479 mihi
1375 2439 1514 2480 vera‘?

289 2514 419 2555 Illius
446 2516 514 2554 est
538 2512 668 2555 nobis
694 2513 792 2568 lege
817 2513 1031 2556 colendus
1057 2527 1196 2556 amor.

229 2591 349 2644 Quin
375 2591 511 2632 etiam
539 2590 666 2632 sedes
691 2589 843 2634 iubeat
868 2591 907 2633 si
932 2592 1125 2635 vendere
1152 2593 1308 2642 avitas,

291 2668 358 2709 Ite
384 2668 467 2710 sub
493 2667 734 2722 imperium
759 2667 840 2709 sub
866 2668 1148 2724 titulumque,
1177 2669 1326 2711 Lares.

230 2744 455 2800 Quidquid
483 2745 616 2786 habet
641 2743 780 2795 Circe,
807 2745 1022 2800 quidquid
1045 2745 1206 2788 Medea
1230 2747 1405 2795 veneni,

1708 1224 1746 1248 ³5

1708 1610 1747 1635 ⁴0

1708 2382 1747 2406 50

1708 2764 1747 2789 5⁸
