1942 3132
262 209 330 242 162
831 224 886 252 An
907 225 937 253 1.
961 223 996 261 a,
1019 222 1185 253 47—52.

258 339 514 381 resonarint
538 340 665 381 triste
694 342 737 380 et
763 342 983 383 acutum».
1002 365 1061 370 -—
1079 342 1208 389 tenet,
1236 340 1419 391 detinet,
1444 344 1496 383 ut
1520 345 1732 384 maneant
1746 356 1757 391 ;

259 417 312 457 cf.
365 415 478 457 Plin.
522 415 571 458 N.
621 415 676 458 H.
725 415 941 459 XXXVII.
1000 419 1107 459 199:
1162 417 1338 459 «dicunt
1362 450 1373 460 .
1401 451 1411 460 .
1440 451 1450 460 .
1479 418 1757 472 synochitide

259 492 402 533 teneri
443 491 623 533 umbras
665 495 943 534 mortuorum
969 496 1215 535 evocatas».
1250 517 1308 520 —
1334 493 1510 549 mayieo
1551 493 1755 542 stridore,

258 581 485 610 murmure
512 568 560 609 in
586 568 737 621 magia
769 569 989 619 sollemni,
1018 573 1067 611 ut
1094 569 1170 611 OV.
1202 569 1306 611 Met.
1335 569 1429 611 VII.
1459 571 1557 612 249.
1587 573 1630 611 et
1656 571 1755 612 251.

257 645 311 686 de
339 646 428 686 ritu
453 646 654 699 magico:
689 645 1066 701 «Umbrarumque
1105 649 1232 699 rogat
1269 649 1397 700 rapta
1428 660 1529 688 cum
1569 647 1757 700 coniuge

257 737 411 776 regem>
433 756 442 765 .
472 755 482 764 .
513 756 522 764 .
553 723 673 775 Quos
700 723 777 764 ubi
802 723 996 777 placavit
1019 723 1224 777 precibus
1251 726 1295 764 et
1319 736 1546 765 murmure
1577 724 1757 777 longo»;

256 802 310 842 cf.
340 799 416 842 Sil.
444 801 496 843 It.
525 801 636 843 Pun.
665 801 782 843 VIII.
812 802 1060 843 501—502.
1086 801 1137 842 de
1167 814 1271 853 saga
1295 800 1501 854 Angitia:
1534 801 1757 843 «stridori-

255 877 339 919 bus
366 891 519 920 amnes
545 879 837 920 frenantem».
865 871 1072 921 —'iubet
1098 890 1311 932 aspersas
1339 879 1453 920 lacte
1478 878 1649 933 referre
1673 891 1754 933 pe-

254 953 372 1003 dem,
399 956 450 996 ut
490 954 675 997 redeant
701 955 756 996 ad
793 956 961 997 inferos
977 970 987 1004 ;
1015 957 1067 997 cf.
1097 954 1204 996 Stat.
1234 956 1366 998 Theb.
1394 955 1466 997 IV.
1495 956 1755 998 545-547:

262 1031 515 1085 «Argolicas
557 1032 700 1086 magis
739 1032 826 1073 huc
858 1033 1032 1086 appelle
1070 1032 1290 1086 precando
1319 1033 1635 1087 Thebanasque
1662 1033 1755 1074 ani-

254 1120 377 1157 mas3
405 1107 517 1149 alios
544 1110 740 1149 avertere
768 1121 945 1161 gressus
972 1109 1104 1150 Lacte
1132 1111 1287 1162 quater
1310 1122 1486 1162 sparsas
1512 1110 1755 1163 maestoque

254 1184 463 1225 excedere
505 1183 620 1234 luco,
663 1182 775 1225 Nata
816 1184 960 1226 iube».
988 1209 1045 1212 κ
1084 1184 1235 1227 aestivo
1263 1218 1272 1226 .
1302 1218 1311 1226 .
1340 1217 1349 1225 .
1381 1183 1500 1237 orbe,
1545 1185 1662 1234 caelo,
1706 1187 1757 1226 ut

253 1261 380 1314 Verg.
428 1260 503 1302 Ge.
548 1261 618 1303 IV.
662 1262 925 1303 426—427:
958 1261 1173 1303 «Ardebat
1215 1262 1320 1303 caelo
1365 1264 1407 1303 et
1448 1262 1645 1303 medium
1688 1262 1755 1303 sol

252 1338 412 1391 igneus
441 1338 593 1379 orbem
619 1338 887 1387 Hauserat»;
927 1337 1247 1391 Pseudo—Verg.
1279 1338 1362 1380 Cir.
1395 1339 1595 1380 38—39:
1629 1352 1753 1380 «can-

253 1413 357 1455 dida
394 1414 533 1455 Lunae
576 1412 741 1463 Sidera,
786 1414 986 1455 caeruleis
1029 1414 1179 1455 orbem
1219 1415 1448 1468 pulsantia
1489 1415 1646 1468 bigis»;
1675 1415 1751 1457 Ov.

252 1490 349 1531 Am.
393 1489 426 1530 I.
471 1490 510 1538 8,
555 1490 726 1531 9—10:
761 1488 895 1531 «Cum
921 1489 1076 1540 voluit,
1118 1492 1212 1532 toto
1254 1490 1559 1544 glomerantur
1598 1491 1754 1532 nubila

252 1566 372 1615 caelo,
403 1564 514 1607 Cum
539 1565 692 1614 voluit,
721 1578 831 1619 puro
859 1565 1000 1618 fulget
1025 1566 1073 1606 in
1101 1566 1204 1607 orbe
1232 1566 1367 1607 dies».
1388 1591 1445 1621 Α,
1463 1567 1623 1618 tenere,
1652 1579 1753 1620 pos-

253 1642 412 1692 sidere,
453 1644 503 1682 ut
544 1655 676 1695 supra
717 1641 749 1682 1.
797 1643 831 1691 1,
876 1643 926 1682 2:
961 1641 1039 1682 «Et
1080 1644 1230 1683 teneat
1272 1642 1379 1683 culti
1418 1642 1570 1695 iugera
1611 1643 1753 1684 multa

253 1719 379 1760 soli».
409 1743 467 1746 -
493 1718 645 1760 malas
686 1716 852 1760 Medeae
880 1751 888 1759 .
918 1751 927 1759 .
957 1751 966 1759 .
997 1716 1171 1767 herbas,
1215 1721 1307 1759 erat
1350 1719 1470 1759 enim
1497 1718 1653 1760 Medea
1685 1733 1752 1761 sa-

250 1808 410 1849 garum
437 1797 480 1835 et
505 1793 802 1836 veneficarum
841 1795 1058 1843 maxima;
1099 1796 1150 1836 cf.
1180 1795 1298 1836 infra
1324 1796 1378 1836 II.
1408 1797 1450 1844 4,
1477 1797 1558 1837 55:
1593 1795 1753 1847 «Quid-

252 1871 359 1925 quid
386 1871 519 1913 habet
546 1870 681 1917 Circe,
725 1871 939 1925 quidquid
975 1871 1131 1913 Medea
1170 1873 1372 1914 veneni».
1402 1898 1459 1900 —
1490 1873 1613 1929 feros
1652 1871 1749 1915 He-

251 1951 364 1992 catae
394 1947 712 2003 perdomuisse
754 1960 902 1997 canes,
950 1950 1104 1990 evocat
1149 1948 1361 1998 Hecaten,
1410 1949 1659 2003 principem
1703 1951 1752 1990 in

252 2026 400 2079 magia
426 2025 566 2074 deam,
595 2027 645 2066 ut
673 2025 755 2066 sibi
795 2038 1060 2079 responsum
1100 2025 1197 2074 det3
1238 2026 1440 2067 solebant
1478 2027 1598 2067 enim
1636 2039 1750 2079 sagae

250 2103 389 2144 etiam
427 2103 533 2144 deos
562 2116 744 2144 evocare
760 2118 770 2152 ;
798 2104 851 2144 cf.
880 2103 993 2144 Plin.
1023 2103 1072 2144 N.
1101 2103 1156 2144 H.
1187 2103 1404 2144 XXXVII.
1438 2103 1546 2145 192:
1579 2105 1749 2144 «Anan-

249 2179 383 2220 citide
425 2180 473 2220 in
514 2179 827 2232 hydromantia
869 2180 1023 2220 dicunt
1062 2180 1233 2221 evocari
1272 2180 1490 2233 imagines
1522 2178 1746 2221 deorum».

250 2254 416 2296 Hecate
458 2259 607 2297 autem
646 2256 829 2297 canibus
868 2256 1056 2297 infernis
1095 2256 1305 2296 comitata
1343 2261 1536 2309 apparet,
1565 2257 1614 2296 ut
1639 2254 1746 2297 Hor.

251 2329 339 2372 Sat.
383 2333 415 2373 I.
458 2333 495 2381 8,
540 2334 742 2374 33—35:
776 2331 999 2373 «Hecaten
1038 2335 1165 2373 vocat
1206 2333 1357 2381 altera,
1401 2346 1560 2374 saevam
1599 2332 1749 2373 Altera

250 2407 525 2461 Tisiphonen
540 2424 550 2457 3
580 2411 808 2462 serpentes
835 2412 966 2462 atque
993 2409 1165 2451 Videres
1194 2410 1398 2450 Infernas
1426 2422 1568 2449 errare
1587 2420 1740 2449 canes»

251 2486 295 2525 et
321 2484 446 2538 Verg.
475 2485 580 2526 Aen.
611 2486 681 2526 VI.
712 2487 960 2527 0257-0258.
990 2486 1042 2526 de
1069 2486 1260 2527 Hecate:
1294 2499 1449 2527 «canes
1475 2484 1646 2526 ululare
1668 2498 1746 2538 per

250 2561 454 2602 umbram
491 2561 768 2602 Adventante
811 2562 932 2603 dea»,
961 2587 1019 2590 —
1040 2561 1355 2617 perdomuisse
1392 2573 1538 2610 cemes,
1578 2560 1746 2601 rabiem

250 2622 423 2679 canum*
450 2638 728 2679 infernorum
767 2640 1002 2692 placabant
1040 2640 1257 2693 placentis
1294 2638 1502 2687 mellitis;
1542 2638 1593 2678 cf.
1624 2636 1742 2677 Suid.

250 2727 284 2755 s.
312 2727 350 2755 v.
387 2714 647 2770 μελιττοῦταε
691 2713 847 2755 ἐδίδοτο
891 2716 1126 2770 μελιττοῦτα
1172 2719 1254 2762 τοῖς
1302 2720 1459 2768 νεκροῖς
1498 2711 1554 2759 ὡς
1594 2711 1636 2759 ἐς
1678 2715 1745 2754 τὸν
