1942 3132
763 238 820 268 AD
840 239 871 268 1.
894 236 930 275 8,
953 236 1121 268 23—26.
1654 225 1701 260 85

187 359 241 400 cf.
273 357 385 399 Plin.
414 357 465 399 N.
494 356 550 399 H.
580 355 781 400 XXVIII.
820 357 899 400 17:
930 356 1105 410 «legum
1142 357 1342 411 ipsarum
1381 358 1429 399 in
1468 358 1702 400 duodecim

189 435 356 477 tabulis
396 434 532 477 verba
558 436 691 476 sunt:
730 434 807 488 qui
846 433 995 487 fruges
1034 434 1345 476 excantassit».
1373 459 1432 463 —
1460 433 1636 478 Cantus
1662 437 1705 479 et

190 514 342 557 iratae
373 511 542 557 detinet
582 511 752 570 anquis
788 511 885 562 iter,
914 511 1086 554 detinet
1124 524 1317 565 anguem
1356 512 1524 554 irruere
1550 513 1702 555 volen-

186 594 306 640 tem:
345 590 398 632 cf.
439 589 568 644 Verg.
608 587 700 631 Ecl.
741 589 782 638 8,
817 588 900 631 71:
933 587 1166 641 «Frigidus
1206 589 1255 630 in
1295 589 1437 642 pratis
1478 589 1702 632 cantando

187 667 411 721 rumpitur
435 667 620 721 anguis»
652 667 697 708 et
722 665 798 708 Ov.
827 666 924 708 Am.
952 665 1008 707 Π.
1042 667 1078 716 1,
1108 667 1191 708 25:
1214 665 1447 708 «Carmine
1473 665 1704 708 dissiliunt

188 744 391 798 abruptis
430 743 634 786 faucibus
671 756 883 797 angues».
912 768 971 772 —
998 741 1178 786 Cantus
1218 745 1258 786 et
1290 755 1313 785 e
1337 755 1479 785 curru
1515 741 1701 785 Lunam

187 819 407 864 deducere
435 823 638 878 temptat,
669 820 911 863 credebant
949 820 1123 875 antiqui
1162 820 1342 863 Lunam
1368 834 1394 862 a
1421 821 1540 875 sagis
1572 820 1702 863 devo-

189 900 283 939 tam
310 898 524 949 deficere:
550 899 603 941 cf.
631 898 760 953 Verg.
788 898 880 941 Ecl.
911 899 950 948 8,
981 899 1065 941 69;
1097 897 1334 941 «Carmina
1357 898 1431 940 vel
1455 897 1562 940 caelo
1600 910 1702 951 pos·

190 979 296 1018 sunt
333 975 552 1019 deducere
589 975 803 1026 lunam»;
829 974 907 1019 Ov.
936 976 1032 1018 Am.
1061 975 1117 1017 H.
1151 977 1186 1025 1,
1217 976 1299 1018 23:
1332 974 1566 1018 «Carmina
1601 988 1701 1017 san-

188 1053 364 1106 guineae
404 1053 633 1096 deducunt
669 1066 840 1095 cornua
877 1053 1054 1102 lunae»;
1092 1052 1221 1106 Prop.
1254 1052 1288 1094 L
1323 1054 1358 1103 1,
1392 1054 1469 1095 19:
1502 1052 1584 1095 «At
1607 1065 1700 1102 vos,

187 1129 386 1172 deductae
414 1130 576 1185 quibus
602 1132 670 1174 est
695 1130 876 1172 fallacia
912 1130 1074 1172 lunae».
1101 1154 1162 1159 -—
1185 1143 1343 1183 curru,
1382 1132 1433 1172 ut
1474 1128 1569 1172 Soli
1595 1143 1701 1184 qua-

188 1207 373 1262 drigam,
389 1208 529 1251 Lunae
555 1208 707 1262 bigam
731 1208 938 1251 tribuunt
977 1203 1134 1262 poetae,
1169 1210 1221 1249 ut
1250 1207 1574 1261 Pseudo-Verg.
1615 1205 1699 1250 Gir.

185 1284 390 1327 38—39:
422 1284 638 1327 «candida
668 1285 808 1327 Lunae
849 1284 1005 1328 Sidera
1041 1285 1244 1327 caeruleis
1283 1284 1436 1326 orbem
1471 1284 1702 1339 pulsantia

188 1361 344 1416 bigis».
372 1386 432 1391 -——
449 1360 509 1406 Et
533 1362 717 1419 faceret,
742 1363 784 1406 si
808 1375 904 1406 ‘non
930 1375 1042 1407 aera
1066 1363 1258 1419 repulsa
1280 1365 1458 1417 sonent,
1481 1362 1704 1418 putabant

185 1439 357 1502 antiqui
397 1439 537 1482 Lunae
577 1442 762 1495 propter
800 1440 1085 1483 devotionem
1123 1440 1347 1483 deficienti
1387 1443 1431 1483 et
1470 1444 1701 1495 tamquam

178 1516 405 1559 laboranti
423 1517 541 1560 aeris
567 1518 902 1572 (cymbalorum,
920 1519 1136 1574 pelvium)
1153 1520 1324 1574 crepitu
1352 1520 1568 1562 auxilium
1595 1519 1702 1561 ferri

181 1607 326 1650 posse.
356 1595 419 1638 Cf.
449 1596 543 1638 Liv.
573 1595 728 1638 XXVI.
759 1598 811 1640 5:
845 1596 1100 1651 «Disposita
1125 1598 1172 1639 in
1199 1597 1341 1639 muris
1368 1596 1700 1652 Campanorum

182 1671 379 1715 imbellis
405 1673 648 1715 multitudo
687 1676 866 1715 tantum
892 1687 995 1716 cum
1022 1675 1139 1716 aeris
1165 1674 1350 1728 crepitu,
1379 1673 1524 1729 qualis
1550 1674 1598 1715 in
1625 1672 1699 1715 de-

187 1748 306 1790 fectu
330 1749 448 1791 lunae
477 1749 629 1792 silenti
655 1753 787 1792 nocte
813 1751 921 1792 cieri
948 1750 1075 1800 solet,
1105 1750 1245 1792 edidit
1269 1751 1554 1793 clamorem».
1583 1750 1700 1793 Ean-

185 1824 287 1866 dem
312 1838 408 1867 rem
434 1827 580 1880 tangit
605 1824 684 1868 Ov.
713 1825 828 1868 Med.
859 1828 939 1869 fac.
968 1828 1172 1869 41—42:
1197 1827 1278 1868 «Et
1303 1828 1507 1882 quamvis
1535 1827 1697 1882 aliquis

181 1901 411 1944 Temeseia
423 1903 615 1945 moverit
631 1916 747 1954 aera,
765 1903 1002 1958 Nunquam
1020 1904 1151 1946 Luna
1167 1906 1261 1947 suis
1280 1906 1526 1947 excutietur
1543 1906 1691 1959 equis»

183 1982 228 2022 et
252 1979 358 2021 Met.
387 1979 481 2021 VIL
512 1981 776 2023 208—909:
810 1981 893 2022 «Te
919 1995 1110 2036 quoque,
1138 1982 1281 2032 Luna,
1323 1983 1465 2032 traho,
1493 1983 1698 2038 quamvis

186 2057 411 2099 Temesaea
437 2056 615 2099 labores
642 2058 757 2099 Aera
783 2060 886 2100 tuos
902 2059 1154 2102 minuant».
1172 2060 1428 2116 —saceret,
1454 2061 1497 2103 si
1523 2073 1641 2104 non.
1658 2095 1693 2103 ..

187 2137 362 2187 sonent,
390 2135 553 2177 similis
579 2136 768 2178 variatio
794 2139 1049 2191 temporum
1066 2137 1194 2192 Verg.
1225 2137 1302 2181 Ge.
1330 2138 1402 2180 IV.
1437 2139 1697 2181 116—119:

189 2210 356 2266 uA'tque
383 2210 606 2266 equidem,
649 2214 845 2255 extremo
886 2213 935 2255 ni
977 2214 1066 2256 iam
1107 2214 1190 2256 sub
1227 2213 1315 2256 fine
1356 2215 1563 2258 laborum
1587 2215 1697 2257 Vela

185 2288 372 2332 traham
399 2291 443 2331 et
480 2289 611 2331 terris
648 2289 863 2346 festinem
901 2291 1130 2335 advertere
1168 2306 1360 2347 proram,
1389 2293 1601 2336 Forsitan
1639 2296 1696 2345 et,

183 2366 378 2421 pingues
418 2366 575 2408 hortos
613 2379 708 2421 quae
747 2380 854 2409 cura
891 2368 1068 2411 colendi
1106 2369 1309 2420 Ornaret,
1349 2382 1602 2414 canerem».
1638 2396 1697 2400 —

186 2454 299 2486 aera
323 2442 528 2499 repulsa,
563 2442 753 2497 pulsata,
793 2447 844 2487 ut
881 2446 1018 2488 etiam
1043 2446 1076 2488 L
1108 2448 1148 2496 3,
1176 2449 1259 2490 24:
1292 2447 1401 2490 «Ina
1426 2450 1503 2490 tua
1530 2449 1696 2491 totiens

182 2533 288 2562 aera
310 2520 492 2574 repulsa
530 2534 724 2571 manunt:
761 2523 814 2564 cf.
855 2521 931 2565 Ov.
971 2522 1076 2566 Met.
1105 2524 1182 2566 III.
1212 2526 1476 2568 532—533:
1509 2539 1695 2568 «aerane

184 2598 364 2638 tantum
389 2597 502 2638 Aere
530 2597 711 2651 repulsa
734 2598 927 2642 valent».

243 2673 294 2715 V.
323 2675 513 2716 23—26.
549 2673 673 2726 Quid
710 2687 878 2731 queror
915 2677 1005 2721 heu
1039 2679 1209 2724 misero
1247 2693 1435 2724 carmen
1473 2681 1697 2733 nocuisse,

185 2750 299 2808 quid
325 2750 532 2796 herbas?
558 2752 731 2797 Forma
754 2754 876 2798 nihil
899 2756 1098 2814 mayicis
1122 2757 1271 2801 utitur
1295 2758 1506 2811 auoeiliis,
1535 2758 1695 2799 similis
