1942 3132
766 227 824 257 u>
843 227 875 257 1.
899 225 933 265 5,
960 225 1125 256 15—18.
1635 213 1703 250 145

193 345 310 402 quod
332 357 499 401 precor
522 344 591 396 (cf.
619 343 728 386 Hor.
749 341 838 386 Sat.
857 342 913 384 IL
934 343 974 391 6,
1004 343 1074 395 8.)‚
1103 342 1222 385 unde
1249 342 1497 387 deveneror
1521 346 1703 388 transiit

193 422 249 465 ad
276 420 655 476 significationem
681 418 962 474 deprecandi.

218 480 231 486 ’
252 499 301 541 V.
337 499 522 541 15—18.
551 496 727 540 velatus
762 495 842 552 filo
883 496 1143 552 tunicisque
1176 496 1352 549 solutiS,
1396 501 1530 551 caput
1556 498 1703 540 velare

192 577 481 630 tunicamque
522 574 750 628 recingere
792 571 1028 623 debebant,
1072 573 1147 627 qui
1190 574 1329 615 sacris
1376 574 1703 628 operabantur;

192 655 246 696 cf.
266 652 343 695 Ov.
362 652 468 694 Met.
481 651 513 694 L
529 652 637 694 398:
657 650 920 704 «velantque
931 653 1066 704 caput
1076 651 1341 705 tunicasque
1356 651 1633 705 recingunt».
1646 677 1704 680 —

193 730 369 774 velatus
405 729 499 785 filo,
537 730 672 783 caput
707 726 864 768 velans
901 726 1047 769 infula
1087 727 1232 778 lanea,
1255 730 1307 769 u‘t
1345 727 1623 778 sacerdotes;
1650 730 1703 771 cf.

193 807 288 849 Liv.
316 807 349 848 Ι.
380 807 449 852 32.
478 807 518 848 6.
547 804 601 847 de
626 803 903 846 Fetialibus:
937 804 1149 858 «legatus,
1190 804 1265 846 ubi
1305 805 1361 847 ad
1397 804 1510 847 fines
1552 819 1706 848 eorum

193 885 330 934 venit,
356 882 476 926 unde
500 895 571 924 res
596 884 873 936 repetuntur,
902 881 1048 936 capite
1074 883 1222 924 velato
1247 881 1324 924 fflo
1341 883 1472 935 (lanae
1498 882 1705 924 velamen

195 963 300 1013 est)·›
333 963 442 1010 etc.;
469 959 547 1002 Ov.
574 959 639 1000 Ex
663 958 791 1001 Pont.
820 958 899 1000 ΙΙΙ.
928 959 969 1007 2,
998 959 1081 1000 75:
1105 957 1336 1012 «Dumque
1362 960 1492 1013 parat
1518 972 1704 1010 sacrum,

194 1039 302 1080 dum
325 1038 445 1080 velat
470 1041 673 1092 tempora
697 1036 863 1078 vittis».
883 1060 942 1064 ——
965 1035 1224 1093 tunicisque
1250 1036 1432 1089 solutis,
1458 1050 1564 1078 nam
1591 1037 1708 1078 nihil

194 1116 298 1158 nexi
325 1118 367 1157 et
392 1115 531 1156 vincti
555 1114 604 1155 in
631 1113 767 1155 sacris
795 1125 892 1154 esse
920 1113 1024 1155 licet
1039 1128 1049 1163 ;
1076 1113 1130 1154 cf.
1161 1114 1261 1156 adn.
1291 1127 1425 1168 supra
1443 1113 1500 1156 ad
1515 1114 1549 1156 I.
1568 1115 1607 1165 3,
1629 1116 1707 1157 302:

201 1192 423 1234 «resoluta
459 1203 653 1232 comas».
696 1189 866 1231 Eadem
906 1189 1042 1232 verba
1079 1190 1127 1232 in
1163 1189 1254 1232 fine
1293 1191 1538 1234 hexametri
1579 1192 1707 1246 Prop.

195 1269 266 1312 IV.
297 1269 336 1318 8,
378 1270 460 1310 61;
493 1267 611 1309 «111ae
638 1266 914 1322 direptisque
951 1267 1093 1308 comis
1127 1267 1381 1322 tunicisque
1421 1268 1623 1310 solutis».
1651 1293 1710 1297 —-

212 1345 321 1389 Vota
346 1357 508 1388 novem
542 1342 706 1387 Triviae
732 1346 862 1387 nocte
888 1342 1050 1386 silente
1074 1342 1196 1395 dedi,
1223 1344 1394 1395 Triviae,
1416 1345 1443 1387 i.
1465 1359 1501 1387 e.
1529 1345 1710 1387 Hecatae

198 1425 290 1466 sive
330 1423 608 1476 Proserpinae
623 1437 633 1472 ;
682 1422 888 1464 solebant
935 1422 1056 1463 enim
1103 1421 1189 1463 diis
1236 1422 1393 1464 inferis
1437 1436 1519 1477 pro
1567 1422 1712 1465 salute

198 1502 479 1556 aegrotomm,
507 1503 558 1542 ut
582 1500 639 1541 iis
665 1503 934 1554 parceretur,
962 1502 1067 1541 vota
1092 1500 1237 1541 facere
1253 1514 1263 1549 ;
1282 1500 1335 1541 cf.
1354 1499 1492 1554 Lygd.
1521 1502 1562 1551 5,
1593 1502 1710 1543 33—-

200 1579 282 1620 34:
315 1578 516 1620 «Interea
541 1578 694 1632 nigras
718 1576 913 1631 pecudes
952 1576 1202 1630 promittite
1226 1575 1321 1618 Diti
1349 1576 1406 1618 Et
1431 1577 1554 1619 nivei
1579 1577 1712 1619 lactis

198 1655 360 1708 pocula
396 1655 536 1696 mixta
585 1667 733 1696 mero»
743 1668 754 1704 ;
792 1654 921 1707 Prop.
961 1653 1017 1695 H.
1059 1654 1129 1703 28,
1168 1654 1362 1696 47—48.
1415 1653 1469 1695 de
1521 1653 1714 1708 Cynthia

200 1733 471 1785 aegrotante:
505 1731 636 1773 «Haec
662 1734 754 1782 tua,
780 1730 1079 1785 Persephone,
1119 1732 1302 1772 maneat
1340 1731 1591 1781 clementia,
1631 1745 1714 1773 nec

199 1811 262 1858 tu,
305 1807 615 1862 Persephones
650 1807 858 1856 coniunx,
901 1807 1058 1849 saevior
1085 1819 1182 1849 esse
1208 1807 1363 1849 velis».
1390 1831 1450 1836 -—-
1483 1805 1598 1851 Vota
1621 1841 1631 1851 .
1661 1841 1669 1850 .
1700 1842 1709 1851 .

201 1883 322 1938 dedi,
348 1885 445 1934 feci,
464 1883 735 1938 nuncupavi,
755 1896 849 1925 non
868 1886 1044 1925 autem:
1071 1882 1258 1932 reddidi,
1286 1886 1337 1924 ut
1352 1896 1415 1926 vs.
1435 1896 1498 1938 sq.
1514 1885 1528 1936 (
1536 1885 1714 1927 «omnia

202 1962 443 2016 persolvi»)
481 1961 704 2003 docemur.
732 1985 791 1988 —
817 1971 994 2012 novem,
1032 1960 1339 2002 verisimiliter
1375 1963 1444 2002 ter
1480 1961 1579 2011 tria,
1608 1962 1713 2016 quia

203 2039 372 2081 Hecate
413 2041 510 2080 erat
551 2038 633 2080 dea
671 2037 917 2079 triformis:
959 2037 1102 2087 Luna,
1141 2037 1302 2087 Diana,
1345 2038 1627 2092 Proserpina.
1654 2064 1716 2068 -—

211 2114 389 2168 Triviae,
416 2116 522 2170 quia
557 2114 726 2157 Hecate
764 2115 814 2156 in
852 2114 997 2156 triviis
1023 2114 1266 2157 colebatur.
1293 2139 1353 2144 —
1377 2116 1506 2158 nocte
1541 2116 1713 2169 silente,

204 2193 372 2235 Hecate
399 2192 534 2242 enim,
554 2191 638 2234 dea
662 2192 922 2242 inferorum,
941 2194 1162 2234 nocturno
1179 2192 1303 2234 cultu
1320 2191 1636 2235 celebrabatur.
1655 2217 1714 2222 —

209 2268 381 2318 Omnia
399 2269 632 2325 persolvi:
669 2269 846 2325 fruitur
883 2281 1007 2311 nunc
1049 2268 1168 2312 alter
1208 2279 1366 2311 amore
1406 2267 1466 2313 Et
1500 2269 1715 2325 precibus

205 2348 319 2405 felia:
356 2346 505 2390 utitur
542 2346 619 2390 illc
643 2346 771 2399 meis,
796 2346 947 2389 locum
972 2346 1177 2388 imitatur
1202 2345 1279 2388 Ov.
1306 2345 1413 2389 Her.
1442 2348 1482 2397 6,
1513 2348 1714 2390 73-75;

213 2424 359 2467 «Adde
384 2437 537 2480 preces
563 2426 709 2466 castas
734 2423 1025 2478 immixtaque
1050 2425 1155 2465 vota
1191 2423 1357 2473 timori,
1385 2423 1513 2465 Nunc
1539 2437 1715 2478 quoque

207 2507 251 2545 te
279 2502 402 2544 salvo
428 2500 728 2556 persoluenda
753 2500 879 2544 mihi.
906 2501 1021 2544 Vota
1047 2514 1127 2556 ego
1166 2501 1446 2555 persolvam:
1478 2502 1596 2543 votis
1620 2501 1714 2543 Me-

208 2582 292 2623 dea
329 2582 556 2623 frueturP»
588 2579 652 2622 Cf.
693 2578 830 2621 etiam
867 2578 994 2633 Prop.
1034 2578 1090 2621 IL
1132 2580 1171 2628 9,
1212 2579 1402 2621 25—26.
1442 2578 1496 2620 de
1523 2578 1716 2632 Cynthia

209 2658 408 2712 ingrata:
441 2657 571 2699 «Haec
597 2656 710 2698 mihi
741 2658 846 2698 vota
883 2657 1008 2697 tuam
1043 2657 1229 2709 propter
1265 2658 1471 2709 suscepta
1510 2656 1713 2705 salutem,

211 2733 323 2781 Cum
347 2735 493 2789 capite
520 2735 605 2776 hoc
633 2715 796 2787 Stygize
822 2732 915 2775 iam
939 2733 1204 2786 poterentur
1242 2735 1422 2786 aquaei’»
1457 2756 1509 2760 —
1544 2730 1716 2774 Omnia

283 2827 460 2863 Nemanu:
479 2827 564 2856 Αιωῑ
585 2826 705 2854 rabum·
724 2827 880 2854 carmina
1531 2813 1572 2846 10
