1942 3132
549 706 660 760 DE
698 706 950 761 AMIGA
987 703 1506 760 INNOMINATA.

1012 919 1046 961 Ι.

814 1046 902 1086 Lib.
932 1046 1002 1086 IV.
1033 1045 1144 1096 eleg.
1175 1047 1240 1086 13.

341 1170 713 1215 Introductio.
741 1172 876 1214 Poeta
901 1171 1020 1213 iurat
1046 1185 1090 1213 se
1118 1172 1166 1213 in
1190 1174 1454 1226 perpetuum
1479 1171 1653 1214 fidelem
1679 1173 1772 1213 fore

283 1250 437 1291 amicae
463 1262 605 1303 neque
623 1249 756 1290 aliam
772 1247 969 1302 puellam
988 1248 1070 1289 sibi
1087 1261 1285 1301 unquam
1301 1247 1566 1300 placituram
1583 1248 1771 1300 (1—16).

282 1324 520 1367 Profitetur
544 1325 614 1367 vel
639 1325 686 1367 in
726 1324 1030 1367 crudelissima
1069 1325 1278 1366 servitute
1317 1337 1362 1365 se
1397 1324 1633 1377 perdurare
1659 1324 1772 1365 velle

282 1404 504 1454 (17——22).
533 1402 578 1446 Si
603 1404 756 1443 tamen
782 1401 1076 1443 intolerabilis
1103 1402 1251 1442 futura
1278 1402 1335 1442 sit
1361 1402 1562 1452 servitus,
1587 1401 1772 1443 Veneris

286 1479 499 1522 auxilium
527 1493 573 1521 se
598 1479 939 1533 imploraturum
966 1477 1215 1529 (PR—241*

341 1556 391 1599 V.
424 1559 550 1599 1—-4.
587 1554 732 1599 Nulla
773 1556 902 1597 tuum
941 1553 1072 1596 nobis
1119 1552 1337 1595 subducet
1380 1553 1551 1609 femina
1597 1553 1774 1607 lectum,

280 1633 408 1674 nulla
446 1631 612 1673 femina
648 1631 760 1672 mihi
800 1631 1007 1683 surripiet
1044 1643 1240 1673 amorem
1277 1630 1326 1671 in
1363 1632 1418 1671 te.
1445 1614 1775 1685 —'subducet,

282 1708 502 1763 surripiet,
530 1710 581 1749 ut
605 1708 733 1761 Prop.
761 1707 793 1748 Ι.
823 1708 862 1757 8,
891 1708 972 1748 45:
1007 1707 1117 1748 «Nee
1154 1707 1267 1748 mihi
1303 1706 1454 1749 rivalis
1492 1708 1633 1748 certos
1673 1706 1772 1748 sub-

280 1784 402 1826 ducit
428 1798 624 1826 amores»
659 1767 701 1825 et
729 1782 861 1837 Soph.
889 1783 954 1824 El.
984 1784 1089 1825 115:
1117 1783 1209 1829 τοὺς
1240 1779 1361 1830 εὐνὰς
1389 1779 1772 1838 ὑποκλεπτομένους,

280 1861 310 1904 i.
350 1876 387 1903 e.
427 1862 586 1916 quibus
631 1861 771 1902 lectus
818 1860 1065 1913 coniugalis
1114 1862 1341 1913 surreptus
1388 1862 1465 1900 est.
1506 1884 1564 1887 —
1597 1859 1775 1914 lectum,

283 1938 493 1989 emerem,
536 1941 586 1979 ut
626 1938 753 1991 Prop.
791 1936 824 1978 Ι.
864 1938 930 1987 18,
962 1938 1041 1978 35:
1076 1937 1197 1990 «Ipse
1240 1938 1341 1977 tuus
1384 1948 1556 1989 semper
1594 1934 1677 1976 tibi
1716 1935 1775 1976 sit

282 2015 483 2058 custodia
519 2016 683 2057 lectus»
716 2017 758 2056 et
783 2014 862 2055 III.
891 2015 929 2063 8,
972 2014 1051 2055 37:
1086 2015 1262 2054 «nostro
1299 2012 1445 2053 texisti
1482 2012 1594 2053 retia
1629 2012 1767 2053 lecto»

282 2097 328 2135 et
357 2093 430 2135 IV.
459 2095 499 2144 8,
527 2094 605 2135 27:
641 2091 775 2134 «Cum
814 2090 940 2132 fieret
975 2092 1127 2132 nostro
1154 2090 1319 2132 totiens
1345 2089 1509 2130 iniuria
1533 2088 1689 2132 lecto».
1716 2114 1774 2118 —

284 2166 385 2211 Hoc
419 2168 626 2222 primum
653 2154 822 2211 ‘iuncta
864 2169 929 2210 est
968 2165 1144 2223 foedere
1185 2168 1344 2209 nostra
1379 2164 1539 2221 Venus,
1565 2167 1647 2207 hac
1678 2167 1773 2220 lege

281 2246 427 2298 primo
469 2245 633 2286 lectum
674 2247 802 2285 tuum
842 2243 1103 2292 conscendi3
1146 2244 1199 2285 of.
1241 2244 1367 2296 Prop.
1409 2242 1487 2284 III.
1531 2244 1598 2292 20,
1638 2244 1703 2284 13.
1732 2245 1774 2284 et
1834 2252 1837 2256 ·

288 2322 484 2363 15--16;
518 2322 637 2363 «Nox
661 2322 773 2362 mihi
798 2322 943 2375 prima
964 2320 1087 2362 venit
1113 2353 1122 2362 .
1153 2353 1162 2362 .
1191 2353 1200 2362 .
1229 2319 1414 2361 Foedera
1440 2322 1543 2361 sunt
1568 2318 1774 2373 ponenda

281 2399 405 2452 prius
448 2397 749 2452 signandaque
791 2398 888 2439 iura
912 2398 967 2438 Et
1005 2397 1236 2438 scribenda
1275 2396 1386 2438 mihi
1426 2397 1497 2438 lex
1534 2396 1583 2437 in
1624 2409 1773 2438 amore

282 2487 424 2516 novo»
458 2477 500 2515 et
540 2475 644 2515 ibid.
679 2476 878 2516 21—22:
912 2474 1133 2529 «Namque
1174 2474 1251 2515 ubi
1292 2487 1382 2515 non
1424 2476 1541 2514 certo
1583 2473 1773 2515 vincitur

283 2552 445 2593 foedere
487 2552 640 2601 lectus,
674 2552 771 2592 Non
812 2552 945 2592 habet
984 2551 1151 2592 ultores
1193 2565 1281 2592 nox
1319 2550 1501 2604 vigilata
1542 2539 1687 2591 deos»,
1715 2574 1772 2578 ——

345 2714 367 2735 *
393 2713 446 2748 Of.
472 2713 572 2747 infra
597 2714 753 2747 Excurs.
780 2713 824 2748 X.
852 2715 888 2747 et
915 2714 981 2748 XI.
