1942 3132
270 179 338 214 248
826 198 882 226 AD
901 199 950 227 11.
973 197 1008 236 4,
1031 197 1196 228 45—60.

271 314 351 355 21:
385 325 530 353 «seu».
557 337 615 341 *—
640 311 732 355 Nee
758 314 837 369 qui
874 313 947 357 det
984 317 1166 358 maestas
1203 329 1373 359 munus
1411 317 1461 360 iu
1498 319 1754 374 eae-sequias,

270 389 345 443 qui
371 388 528 430 odores
554 389 602 429 in
627 388 828 431 flammas
847 392 942 444 rogi
960 394 1002 432 et·
1027 392 1075 433 in
1100 405 1259 433 urnam
1286 396 1462 446 spargat
1485 395 1754 450 inferiasque

271 466 454 520 sepultae
481 467 617 515 ferat3
645 467 699 508 cf.
732 466 860 521 Prop.
897 468 969 510 IV.
1000 470 1036 519 7,
1068 470 1240 511 31—32
1277 471 1448 522 (umbra
1474 471 1674 526 Cynthiae
1700 474 1755 515 ad

268 543 486 597 poetam):
520 541 632 584 «Cur
657 543 796 586 nardo
828 543 1016 586 fiammae
1042 559 1135 587 non
1162 547 1310 588 oluere
1332 551 1498 590 meaeP»
1531 553 1573 590 et
1598 550 1654 592 H.
1685 550 1751 599 13,

268 621 470 662 29—30:
504 618 776 674 «Osculaque
802 621 849 662 in
874 621 1030 675 gelidis
1047 636 1188 676 pones
1207 637 1412 677 suprema
1437 625 1622 676 labellis,
1643 626 1751 669 Cum

270 697 445 738 dabitur
483 694 609 748 Syrio
647 709 831 738 munere
867 699 1027 752 plenus
1068 712 1237 752 onyx»;
1277 699 1435 743 Catull.
1478 703 1573 752 101,
1611 704 1751 745 7—8:

273 773 441 827 «prisco
469 786 564 827 quae
590 786 713 815 more
751 777 988 827 parentum
1025 775 1201 817 Tradita
1239 780 1343 818 sunt
1378 778 1527 821 tristes
1568 792 1753 821 munera

267 850 320 891 ad
338 851 543 891 inferias»
564 865 574 900 3
599 848 675 892 Ov.
694 850 800 893 Her.
819 852 867 901 7,
892 854 998 894 192:
1033 853 1149 893 «Iam
1176 852 1299 895 dabis
1325 854 1374 895 in
1399 855 1568 897 cineres
1593 857 1752 898 ultima

267 925 384 968 dona
408 940 555 968 meos»
589 928 632 967 et
656 926 782 968 Trist.
815 927 894 969 ΠΙ.
923 929 961 977 3,
1003 929 1203 970 81—802:
1249 930 1338 971 «Tu
1373 932 1524 973 tamen
1561 932 1751 974 extincto

272 1004 425 1045 feralia
460 1017 647 1044 munera
684 1017 859 1057 semper
896 1004 1050 1059 Deque
1084 1006 1175 1047 tuis
1213 1007 1409 1049 lacrimis
1448 1009 1599 1050 umida
1637 1011 1752 1050 serta

268 1080 369 1122 (183130
379 1095 414 1122 ».

322 1157 372 1198 V.
398 1158 590 1199 45—50.
615 1160 782 1200 veteres
806 1191 814 1199 .
841 1191 848 1199 .
874 1190 884 1199 .
914 1170 1102 1209 amores,
1122 1162 1315 1202 veterem
1333 1161 1533 1211 amicam,
1553 1164 1752 1216 utsupra

263 1247 328 1275 vs.
354 1234 406 1275 4:
440 1246 610 1275 «amor»
631 1248 642 1283 3
670 1234 723 1275 cf.
751 1234 850 1275 adn.
879 1234 933 1276 ad
958 1235 1000 1277 h.
1028 1235 1056 1277 1.
1085 1261 1143 1264 —
1168 1234 1338 1279 Annua
1358 1239 1608 1281 constructo
1627 1240 1750 1280 serta

265 1309 392 1354 dabit
417 1310 606 1364 tumulo,
633 1310 702 1352 die
729 1311 869 1352 natali
895 1315 971 1353 aut
1001 1314 1171 1364 mortis,
1199 1327 1284 1367 quo
1327 1316 1528 1368 sepulcra
1566 1329 1748 1357 corona-

263 1386 450 1436 bantur:
478 1388 528 1429 cf.
560 1386 637 1429 Ov.
664 1387 792 1429 Trist.
819 1388 896 1430 ΠΙ.
928 1390 963 1438 3,
995 1390 1065 1440 82,
1103 1389 1158 1430 ad
1194 1403 1398 1432 uxorem:
1445 1391 1619 1446 «Deque
1658 1392 1747 1433 tuis

263 1464 456 1505 lacrimis
488 1464 712 1515 (defuncto
751 1465 879 1516 mihi)
920 1466 1072 1507 umida
1107 1470 1222 1508 serta
1263 1467 1409 1510 dato».
1435 1493 1493 1496 —
1519 1468 1749 1512 discedens

263 1539 387 1589 dicet,
427 1540 573 1581 verbis
613 1540 906 1582 sollemnibus
946 1542 1195 1584 valedicens
1235 1547 1425 1586 mortuo.
1466 1569 1526 1573 ——
1565 1557 1746 1594 semme,

263 1618 379 1659 curis
404 1617 495 1658 iam
523 1618 730 1660 omnibus
756 1618 966 1661 liberatae.

318 1694 368 1736 V.
396 1696 585 1737 51—54.
627 1695 830 1738 illius..
862 1730 871 1739 .
917 1697 1026 1753 leqe,
1067 1697 1119 1738 de
1161 1697 1494 1739 condicionibus
1536 1712 1561 1739 a
1599 1699 1748 1752 puella

260 1773 540 1826 praescriptis,
569 1775 620 1814 ut
645 1785 779 1827 supra
803 1772 838 1815 I.
867 1775 905 1824 6,
935 1776 1016 1816 69;
1051 1774 1130 1815 «Ε13
1166 1774 1279 1815 mihi
1317 1775 1407 1816 sint
1444 1775 1561 1816 durae
1598 1775 1742 1829 leges»

260 1849 304 1888 et
341 1847 470 1902 Prop.
509 1848 582 1890 IV.
610 1851 649 1899 8,
692 1850 760 1891 74.
803 1850 935 1891 verba
977 1850 1176 1904 Cynthiae
1218 1850 1272 1892 ad
1311 1853 1518 1905 poetam:
1552 1852 1746 1906 «Accipe,

261 1938 355 1978 quae
386 1928 549 1967 nostrae
587 1927 781 1968 formula
817 1928 929 1982 legis
968 1929 1092 1970 erit».
1119 1953 1177 1956 ——
1204 1927 1330 1971 sedes
1356 1961 1366 1970 .
1396 1961 1405 1970 .
1435 1962 1444 1970 .
1472 1928 1634 1981 avitas,
1672 1929 1746 1970 do-

259 2015 382 2043 mum
427 2006 675 2057 paternam.
709 2030 768 2033 ——
799 2005 880 2048 sub
928 2006 1186 2060 imperium,
1234 2019 1291 2048 sc.
1340 2006 1541 2056 dominae,
1588 2007 1747 2061 puellae

259 2083 428 2130 amatae,
456 2083 506 2122 1113
530 2081 647 2122 infra
671 2082 728 2124 ΙΙ.
759 2083 796 2131 3,
827 2084 907 2125 79;
941 2083 1021 2124 «ad
1057 2084 1294 2137 imperium
1331 2083 1521 2124 dominae
1560 2083 1746 2125 sulcabi-

259 2169 357 2197 mus
397 2170 549 2210 agros»
583 2160 626 2199 et
663 2158 799 2212 Lygd.
828 2161 866 2209 6,
900 2161 1084 2202 13—14.
1124 2160 1175 2201 de
1201 2160 1387 2202 Amore:
1421 2160 1518 2201 «ille
1557 2161 1746 2201 ferocem

259 2231 470 2275 Contudit
497 2236 540 2275 613
557 2234 746 2276 dominae
773 2237 895 2278 misit
920 2238 967 2279 in
985 2238 1259 2279 arbitrium».
1276 2262 1335 2265 ——
1350 2237 1433 2279 sub
1461 2237 1748 2293 titulumque,

260 2309 334 2362 qui
359 2309 472 2351 aedes
501 2324 603 2352 suas
641 2312 830 2354 Vendere
856 2314 1078 2363 volebant,
1106 2314 1259 2356 tabula
1299 2313 1439 2356 adfixa
1465 2315 1508 2366 (i.
1536 2328 1572 2356 e.
1600 2314 1746 2366 titulo)

257 2384 512 2427 indicabant
538 2387 622 2429 hoc
646 2390 1028 2441 praetereuntibus.
1047 2389 1141 2433 Sub
1170 2390 1352 2433 titulum
1377 2391 1444 2433 ire
1459 2391 1595 2445 igitur
1612 2391 1746 2444 signi-

257 2461 381 2504 ficat:
409 2463 713 2505 venditionem
741 2465 901 2508 subire.
930 2464 993 2508 Cf.
1022 2465 1097 2509 Ov.
1125 2467 1248 2509 Rem.
1276 2468 1387 2509 502:
1420 2466 1534 2509 «sub
1566 2467 1744 2509 titulum

256 2541 431 2581 nostras
457 2540 580 2581 misit
606 2554 737 2582 avara
762 2542 940 2584 Lares».
967 2569 1026 2571 —
1050 2542 1208 2597 Lares,
1236 2544 1429 2586 domum.

313 2615 363 2657 V.
391 2616 579 2658 55—60.
604 2616 837 2672 Quidquid
853 2617 986 2661 habet
1003 2618 1146 2673 Circe,
1162 2619 1386 2676 quidquid
1401 2619 1556 2662 Medea
1573 2619 1746 2674 veneni,

255 2695 386 2746 poeta
427 2695 529 2734 ante
572 2694 723 2735 oculos
765 2694 974 2736 habuisse
1015 2696 1187 2738 videtur
1224 2697 1351 2751 Prop.
1393 2696 1449 2738 Π.
1481 2698 1515 2746 1,
1544 2697 1743 2738 53—54:
