1942 3132
724 227 783 257 u>
801 227 852 258 11.
873 225 907 265 5,
931 225 1098 257 εει-39.
1589 210 1659 246 277

164 349 402 401 postquam
441 359 601 389 navem
641 343 900 389 conscendit
940 346 985 386 et
1024 343 1157 386 litora
1196 343 1336 385 Troiae
1378 333 1569 398 reliquit.
1602 367 1659 372 —

166 421 376 467 ardentes
403 458 412 466 .
440 457 449 466 .
480 457 488 465 .
518 421 639 478 deos,
662 421 832 476 templa
855 420 1055 471 deorum,
1079 423 1130 462 ut
1154 420 1281 474 Verg.
1309 419 1416 462 Aen.
1443 420 1521 462 HL
1547 420 1658 462 275:

172 500 252 543 «Et
277 499 541 543 formidatus
565 499 715 542 nautis
740 498 937 553 aperitur
960 498 1145 552 Apollo»
1176 498 1203 539 i.
1223 510 1260 539 e.
1283 497 1501 551 templum
1527 497 1659 551 Apol-

166 577 298 627 linis;
324 577 378 619 cf.
404 576 531 630 Prop.
558 575 615 618 H.
631 577 670 626 6,
700 576 781 618 36:
802 573 1025 617 «desertos
1046 576 1232 629 occupat
1254 573 1392 616 herba
1417 572 1547 615 deos»
1574 574 1601 615 i.
1622 587 1657 615 e.

168 656 337 696 statuas
362 653 558 696 deorum.
1012 670 1019 678 ·

226 731 274 774 V.
303 732 490 774 23-26.
519 731 698 774 aeternoe
725 764 734 772 .
764 764 773 772 .
803 764 812 772 .
841 728 984 784 urbis,
1021 728 1186 778 Romae,
1225 731 1275 770 ut
1313 727 1389 770 Ov.
1429 727 1549 770 Fast.
1581 727 1658 769 ΙΙΙ.

158 808 240 850 72.
268 807 322 850 de
347 807 563 850 Romulo:
596 811 796 850 «aeternae
822 807 886 850 sic
909 802 1037 862 pater
1060 806 1184 848 urbis
1210 806 1296 848 ait»
1329 808 1373 848 εὴ
1396 805 1524 860 Verg.
1552 805 1660 846 Aen.

166 884 200 926 L
229 885 487 927 276—279:
512 884 754 926 «Romulus
779 883 966 938 excipiet
989 885 1168 937 gentem
1194 885 1239 924 et
1257 881 1477 924 Mavortia
1502 880 1663 922 condet

167 961 334 1004 Moenia
357 961 670 1016 Romanosque
712 974 794 1003 suo
834 960 889 1003 de
929 960 1113 1003 nomine
1153 958 1292 1001 dicet:
1335 958 1419 1000 His
1460 971 1540 1012 ego
1581 971 1663 1001 nec

167 1041 310 1081 metas
323 1053 470 1081 rerum
484 1052 567 1080 nec
582 1042 785 1092 tempora
799 1051 942 1093 pono:
965 1037 1210 1092 Imperium
1228 1037 1324 1080 sine
1340 1036 1430 1079 fine
1447 1036 1589 1079 dedi».
1605 1061 1662 1065 —-

167 1116 446 1173 formaverat
471 1149 480 1158 .
510 1149 519 1158 .
549 1150 558 1158 .
588 1114 786 1169 Moenia,
810 1119 861 1157 ut
884 1115 1011 1170 Verg.
1040 1115 1147 1157 Aen.
1175 1114 1250 1157 IX.
1278 1116 1478 1157 80—81:
1513 1114 1662 1156 «Tem-

168 1206 290 1248 pore,
318 1205 406 1247 quo
443 1191 637 1246 primum
674 1191 866 1246 Phrygia
903 1191 1121 1233 formabat
1159 1191 1213 1233 ab
1239 1190 1318 1233 Ida
1342 1191 1514 1232 Aeneas
1552 1190 1662 1231 clas-

169 1283 305 1312 semn.
323 1293 382 1297 —
406 1268 621 1322 consorti,
647 1268 784 1317 fratri,
811 1270 863 1310 ut
887 1266 964 1310 Ov.
992 1268 1098 1310 Met.
1125 1268 1199 1309 XI.
1230 1269 1328 1310 346.
1355 1267 1532 1308 Fratres
1558 1279 1663 1308 con-

170 1349 311 1389 sortes
336 1347 630 1401 appellantur,
649 1346 754 1400 quia
780 1345 1019 1388 coheredes
1046 1350 1153 1387 sunt
1166 1359 1177 1395 ;
1204 1346 1256 1387 cf.
1276 1344 1385 1386 Min.
1408 1343 1500 1385 Fel.
1521 1345 1590 1392 31,
1610 1344 1662 1385 8:

173 1427 247 1466 «ut
291 1426 519 1467 consortes
563 1423 678 1475 fidei,
721 1427 771 1465 ut
811 1424 907 1478 spei
954 1422 1216 1466 coheredes»
1255 1425 1299 1464 et
1339 1422 1519 1463 Tertull.
1561 1420 1662 1463 Bes.

169 1514 286 1544 carn.
318 1503 370 1544 7:
415 1515 541 1544 «caro
567 1515 750 1545 consors
782 1505 827 1543 et
864 1502 1047 1544 coheres
1085 1501 1287 1543 animae».
1315 1500 1381 1542 De
1409 1512 1559 1542 sorore
1585 1497 1662 1540 Ov.

166 1578 241 1621 Ex'
269 1579 396 1622 Pont.
434 1579 512 1621 III.
557 1581 597 1630 2,
639 1580 721 1622 48:
770 1578 1056 1622 «Consortem
1095 1579 1246 1621 Phoebi
1289 1591 1399 1632 gens
1440 1577 1547 1619 colit
1586 1576 1666 1617 illa

170 1655 321 1698 deam»
352 1657 380 1698 i.
422 1670 458 1698 e.
497 1656 700 1698 Dianam.
729 1681 786 1685 —
814 1659 919 1700 tunc
954 1655 1207 1712 pascebant
1248 1653 1439 1698 herbosa
1479 1652 1666 1696 Palatia

167 1744 329 1787 vaccae,
354 1734 406 1774 cf.
435 1732 511 1775 OV.
540 1733 587 1775 A.
616 1733 663 1775 A.
691 1733 770 1775 ΠΙ.
803 1734 1059 1775 179-180;
1092 1732 1222 1784 «Quae
1248 1745 1368 1774 nunc
1393 1731 1473 1772 sub
1499 1730 1665 1772 Phoebo

169 1808 440 1864 ducibusque
465 1808 635 1852 Palatia
661 1811 845 1864 fulgent,
866 1809 982 1862 Quid
1005 1809 1095 1851 nisi
1121 1809 1309 1850 araturis
1333 1821 1498 1862 pascua
1523 1807 1666 1848 bubus

171 1890 320 1929 eratP·
351 1890 395 1929 et
417 1887 547 1941 Prop.
574 1886 647 1929 IV.
679 1888 715 1937 1,
747 1888 886 1929 1-42
919 1899 1030 1941 «qua
1054 1886 1247 1927 maxima
1272 1885 1411 1927 Roma
1445 1887 1524 1933 est,
1552 1885 1665 1927 Ante

168 1963 388 2019 Phrygem
424 1965 606 2005 Aenean
646 1963 774 2006 colh's
814 1967 859 2004 et
899 1962 1036 2004 herba
1075 1962 1172 2012 fuit,
1215 1963 1357 2016 Atque
1397 1962 1473 2003 ubi
1510 1961 1666 2004 Navali

171 2045 293 2084 stant
332 2055 454 2084 sacra
491 2042 658 2084 Palatia
696 2042 873 2091 Phoebo,
916 2041 1113 2084 Euandri
1152 2042 1350 2096 profugae
1390 2041 1666 2084 concubuere

171 2119 346 2162 boves».
363 2119 618 2163 -stabavnt
642 2118 837 2162 humiles
862 2119 914 2162 in
939 2116 1059 2162 Iovis
1086 2131 1189 2162 arce
1215 2131 1350 2172 casae,
1375 2120 1423 2161 in
1445 2118 1666 2173 Capitolio

172 2199 298 2239 erant
334 2210 444 2238 casae
481 2199 712 2250 pastorum
726 2211 737 2246 ;
775 2197 827 2239 cf.
856 2195 935 2239 Ov.
973 2196 1090 2239 Fast.
1117 2197 1167 2239 V.
1195 2198 1396 2239 93-94:
1429 2196 1551 2245 «Hic,
1589 2196 1666 2238 ubi

170 2286 290 2317 nunc
315 2275 457 2318 Roma
482 2277 559 2324 est,
588 2274 708 2319 orbis
733 2277 877 2330 caput,
904 2275 1034 2317 arbor
1058 2277 1102 2317 et
1127 2275 1273 2317 herbae
1290 2274 1347 2316 Et
1367 2288 1518 2329 paucae
1534 2287 1665 2329 pecu-

172 2351 251 2394 des
276 2355 320 2394 εὴ
345 2364 447 2393 casa
468 2344 569 2393 rara
594 2352 718 2394 fuit».

232 2428 280 2471 V.
309 2429 498 2472 ,σῃ-32.
537 2426 672 2471 Lacte
708 2426 898 2471 madens
924 2462 932 2470 .
963 2462 972 2471 .
1002 2463 1010 2470 .
1042 2427 1156 2482 Pan,
1194 2429 1480 2470 simulacrum
1519 2427 1664 2474 Panis,

172 2506 244 2548 dei
289 2508 533 2560 pastorum,
572 2506 685 2547 lacte
725 2505 1039 2560 aspergebatur
1078 2505 1127 2547 in
1167 2504 1393 2554 sacrificio,
1437 2507 1486 2546 ut
1534 2505 1667 2546 etiam

174 2583 351 2637 signum
377 2583 507 2632 Palis,
535 2582 627 2625 deae
652 2586 908 2638 pastorum;
941 2584 993 2625 cf.
1022 2596 1156 2638 supra
1180 2583 1213 2625 Ι.
1246 2584 1282 2633 1,
1312 2584 1394 2625 36;
1428 2582 1507 2623 «Et
1532 2582 1667 2636 placi-

174 2660 279 2702 dam
304 2661 427 2703 soleo
465 2672 669 2713 spargere
694 2660 807 2702 lacte
846 2660 1022 2702 Palem»
1054 2663 1099 2702 et
1123 2659 1223 2702 adn.
1252 2659 1306 2701 ad
1333 2659 1377 2700 h.
1404 2659 1432 2700 1.
1462 2682 1518 2686 —
1543 2658 1666 2712 sacta

175 2737 346 2793 ayrcsti
387 2737 540 2795 lignea
580 2736 696 2793 falce
738 2736 887 2793 Pales,
926 2739 980 2780 cf.
1020 2737 1149 2792 Prop.
1191 2737 1263 2779 IV.
1293 2739 1331 2787 2,
1361 2738 1430 2778 59.
1458 2736 1512 2777 de
1539 2735 1667 2788 signo
