1942 3132
289 236 333 268 ⁰26
961 251 990 279 1.
1017 249 1049 279 1.
1074 249 1108 279 5.

235 385 271 407 55
348 365 419 405 Me
448 365 643 407 retinent
668 366 868 407 vinctum
896 367 1099 408 formosae
1126 366 1272 407 vincla
1295 366 1469 419 puellae.

409 440 465 482 Et
490 441 620 483 sedeo
648 441 781 484 duras
807 443 973 484 ianitor
999 445 1101 485 ante
1130 443 1256 484 fores.

348 517 447 558 Non
475 530 554 571 ego
581 517 754 560 laudari
781 532 899 568 curo,
928 532 1028 561 mea
1053 519 1208 559 Delia:
1235 521 1381 559 tecum

407 592 525 634 Dum
551 594 684 635 modo
712 595 809 643 sim,
840 608 1000 649 quaeso,
1031 595 1179 648 segnis
1206 596 1414 648 inersque
1440 607 1581 635 vocer,

348 670 405 711 Te
433 666 640 724 spectem,
670 685 876 725 suprema
902 672 1014 713 mihi
1042 686 1141 713 cum
1166 673 1339 714 venerit
1364 673 1485 721 hora,

234 767 272 790 eo
406 746 465 788 Te
491 748 669 788 teneam
694 749 890 790 moriens
916 747 1149 790 deficiente
1177 762 1325 790 manu.

346 822 494 865 Flebis
523 826 566 864 et
593 837 746 865 arsuro
773 825 969 877 positum
995 838 1079 874 me,
1108 824 1249 873 Delia,
1278 824 1404 873 lecto,

407 899 622 942 Tristibus
651 902 692 941 et
717 900 915 942 lacrimis
944 902 1096 942 oscula
1122 901 1260 942 mixta
1287 901 1424 942 dabis.

278 1003 284 1011 x
345 975 521 1018 Flebis:
547 989 640 1017 non
666 974 744 1017 tua
771 980 875 1018 sunt
901 977 1009 1018 duro
1036 977 1281 1030 praecordia
1308 978 1422 1018 ferro

406 1053 578 1102 Vincta,
608 1067 689 1095 nec
715 1054 763 1095 in
791 1057 944 1110 tenere
973 1057 1060 1094 s'at
1087 1053 1168 1094 tibi
1196 1053 1326 1094 eorde
1354 1053 1475 1094 silex.

233 1150 270 1173 65
346 1130 430 1171 Illo
457 1143 550 1171 non
575 1130 750 1172 iuvenis
778 1131 940 1183 poterit
967 1130 1019 1170 de
1047 1131 1202 1170 funere
1230 1129 1466 1183 quisquam

406 1206 611 1255 Lumina,
640 1220 733 1247 non
759 1206 881 1260 virgo
910 1206 1024 1247 sicea
1051 1207 1211 1247 referre
1240 1205 1435 1247 domum.

347 1283 411 1324 Tu
437 1296 593 1325 manes
620 1297 676 1324 ne
702 1282 811 1324 laede
838 1295 973 1332 meos,
1004 1282 1081 1324 sed
1106 1295 1238 1335 parce
1266 1282 1424 1323 solutis

406 1358 614 1402 Crinibus
641 1362 684 1401 et
709 1360 887 1407 teneris,
917 1359 1058 1408 Delia,
1086 1372 1217 1412 parce
1243 1359 1384 1412 genis,

346 1437 535 1487 Interea,
564 1438 670 1478 dum
698 1439 789 1479 fata
815 1437 982 1486 sinunt,
1011 1436 1249 1488 iungamus
1279 1448 1477 1476 amores:

235 1534 272 1557 το
406 1514 502 1555 Iam
528 1514 678 1555 veniet
702 1513 898 1554 tenebris
925 1512 1045 1553 Mors
1074 1512 1285 1565 adoperta
1312 1514 1468 1564 eaput;

347 1591 443 1631 Iam
471 1590 677 1643 subrepet
703 1590 823 1631 iners
850 1592 968 1636 aetas,
998 1601 1080 1629 nec
1108 1600 1256 1630 amare
1284 1586 1466 1637 decebit,

407 1667 563 1708 Dicere
590 1680 672 1707 nee
699 1680 809 1708 cano
837 1665 1080 1707 blanditias
1108 1665 1265 1719 capite.

348 1743 474 1785 Nunc
500 1744 610 1785 levis
637 1746 704 1785 est
729 1743 960 1784 tractanda
986 1741 1150 1794 Venus,
1179 1741 1285 1783 dum
1311 1742 1516 1794 frangere
1543 1743 1695 1794 postes

406 1820 507 1861 Non
531 1820 668 1874 pudet
696 1822 738 1860 et
763 1820 880 1860 rixas
905 1819 1148 1860 inseruisse
1175 1818 1310 1860 iuvat.

234 1917 270 1940 75
346 1897 432 1938 Hie
459 1910 538 1949 ego
566 1896 652 1937 dux
677 1897 892 1950 milesque
919 1895 1089 1937 bonus:
1114 1908 1206 1944 vos,
1237 1895 1364 1948 signa
1390 1894 1606 1948 tubaeque,

406 1973 472 2014 Ite
498 1973 664 2027 procul,
694 1973 866 2027 cupidis
892 1973 1078 2014 vulnera
1104 1973 1213 2013 ferte
1238 1972 1372 2014 viris:

347 2050 475 2091 Ferte
504 2052 547 2090 et
574 2063 707 2103 opes:
735 2063 814 2102 ego
842 2050 1089 2103 composito
1118 2061 1298 2090 securus
1325 2062 1480 2090 acervo

407 2126 661 2180 Despiciam
688 2126 801 2168 dites
828 2126 1159 2180 despiciamque
1187 2126 1364 2167 famem.

999 2339 1076 2380 HL

349 2432 489 2484 Asper
516 2443 636 2471 eram
663 2434 706 2471 et
731 2431 843 2471 bene
870 2432 1105 2472 discidium
1133 2446 1204 2473 me
1233 2432 1345 2473 ferre
1371 2430 1608 2484 loquebar:
1702 2427 1733 2463 I·
1751 2428 1787 2464 5·

410 2507 466 2548 At
490 2507 603 2547 mihi
629 2520 749 2547 nunc
774 2507 905 2560 longe
933 2507 1076 2560 gloria
1103 2508 1229 2548 fortis
1258 2507 1392 2548 abest.

351 2584 550 2636 Namque
577 2595 694 2635 agor,
723 2585 772 2624 ut
797 2597 877 2636 per
901 2584 1037 2636 plana
1064 2584 1177 2625 citus
1206 2585 1301 2625 sola
1325 2583 1505 2625 verbere
1530 2582 1700 2632 turben,

413 2660 554 2712 Quem
579 2659 694 2700 celer
720 2659 905 2700 adsueta
929 2663 1078 2702 versat
1105 2661 1157 2701 ab
1185 2662 1277 2702 arte
1304 2673 1425 2713 puer.

258 2758 276 2781 5
351 2737 439 2779 Ure
466 2737 609 2777 ferum
637 2739 679 2776 et
705 2738 872 2789 torque,
901 2736 1038 2777 libeat
1063 2749 1118 2777 ne
1147 2736 1290 2777 dicere
1318 2735 1549 2790 quicquam
