1942 3132
246 237 315 274 134
815 253 872 281 An
892 253 934 282 1.-
949 251 982 292 1,
1005 251 1172 282 29—3a

247 371 389 413 Carni.
417 369 472 410 II.
503 369 541 417 6,
560 369 583 409 7
602 384 611 409 :
633 367 725 409 «Sit
748 358 907 410 modus
932 370 1052 411 lasso
1071 402 1081 411 .
1101 402 1111 412 .
1126 402 1136 411 .
1168 370 1342 410 viarum
1367 368 1672 423 Militiaeque».
1687 395 1744 398 —-

248 446 335 491 Sed
375 445 515 489 Canis
556 445 736 488 cestivos
779 446 905 488 ortus
947 446 1092 488 vitare
1134 446 1218 488 sub
1260 442 1430 488 umbra
1455 446 1647 489 Arboris
1687 445 1747 489 ad

246 525 366 568 rivos
402 521 719 580 praetereimtis
763 534 909 578 aquoe,
935 525 1116 576 poetam
1145 522 1348 565 Graecum
1388 524 1612 576 exemplar
1643 525 1746 569 ante

248 602 401 644 oculos
428 600 637 641 habuisse
674 601 897 641 testantur
935 600 1256 653 epigrammata
1293 599 1566 640 incertorum
1599 601 1746 640 aucto·

246 692 346 722 rum
384 677 517 718 Anth.
558 676 649 718 Pal.
688 675 740 718 X.
785 676 850 726 12,
880 675 932 718 7:
972 674 999 718 ἁ
1025 674 1061 716 δ’
1109 673 1183 718 ὑπὸ
1228 679 1358 730 πέτρα
1404 674 1536 722 Πίδαξ
1587 673 1750 732 εὖνήσει

247 756 445 810 γυιοβαρῆ
471 757 669 810 κάματον.
696 750 862 794 ’Ένδιον
890 752 935 794 δὲ
974 755 1165 809 φυγόντες
1206 750 1405 807 ὀπωρινοῦ
1436 755 1556 799 κυνὸς
1600 750 1749 808 ἆσθμα

250 835 293 874 et
316 831 451 873 Anth.
480 830 601 871 Plan.
632 830 730 878 227,
759 830 799 879 5,
830 830 882 871 7:
908 813 984 870 Χὼ
1021 831 1169 885 ποιμὴν
1209 827 1251 870 ἐν
1291 827 1434 884 ’ὄρεσσι
1473 824 1749 884 μεσαμβρινὸύ
1796 818 1798 820 ’

250 907 404 964 ἀγχόθι
434 914 568 960 παγᾶς
596 905 817 962 Συρίσδων,
857 906 1008 952 λασίας
1048 907 1196 961 θάμνῳ
1223 902 1298 947 ὑπὸ
1324 905 1530 947 πλατάνου
1558 902 1750 961 Καύματῗ

250 985 464 1040 ὀπωρινοῐο
503 986 637 1041 φυγών
669 985 805 1030 κυνός.
832 1007 891 1011 ——
917 980 1007 1025 Sed
1048 980 1187 1025 Canis
1225 982 1406 1025 aestivos
1445 983 1571 1025 ortus
1611 982 1754 1025 vitare

251 1062 334 1105 sub
374 1060 542 1103 umbra
583 1058 789 1112 Arboris,
831 1060 883 1100 cf.
924 1058 1032 1100 Hor.
1075 1058 1219 1101 Carm.
1246 1059 1278 1101 Ι.
1314 1060 1378 1109 17,
1412 1061 1510 1101 17-
1532 1061 1611 1101 18:
1644 1059 1753 1100 «Hic

250 1139 299 1180 in
337 1138 517 1179 reducta
552 1137 669 1179 valle
709 1136 932 1178 Caniculae
969 1135 1131 1177 vitabis
1170 1138 1327 1177 aestus>
1373 1139 1416 1177 et
1443 1136 1519 1178 Ov.
1547 1137 1643 1178 Am.
1672 1136 1750 1212 ΙΙΙ.

252 1218 291 1265 5,
334 1217 385 1258 7.
419 1214 542 1268 «Ipse
591 1214 672 1255 sub
719 1213 916 1255 arboreis
953 1211 1150 1254 vitabam
1196 1211 1427 1254 frondibus
1466 1216 1666 1255 aestum».›
1695 1238 1753 1242 —

253 1291 396 1335 Canis
423 1290 603 1334 aestivos
643 1291 784 1339 ortus,
813 1290 866 1331 cf.
896 1289 994 1331 adn.
1025 1302 1160 1342 supra
1186 1289 1242 1330 ad
1267 1289 1298 1331 I.
1326 1291 1367 1339 4,
1398 1291 1449 1332 6:
1482 1291 1647 1332 «aestivi
1673 1289 1753 1332 Ca

253 1371 367 1412 nis».
393 1393 452 1398 —-
479 1367 564 1410 sub
590 1365 758 1408 umbra
783 1363 978 1407 Arboris
1006 1363 1068 1407 ad
1091 1365 1217 1408 rivos
1243 1366 1568 1420 praetereuntis
1609 1359 1754 1423 aquae,

254 1447 306 1488 cf.
335 1446 462 1486 Lucr.
490 1443 547 1485 ΙΙ.
576 1444 647 1485 29.
675 1455 794 1496 sqq.:
828 1442 1064 1495 «prostrati
1102 1442 1151 1483 in
1188 1442 1388 1495 gramine
1420 1442 1548 1484 molli
1573 1442 1759 1496 Propter

253 1537 378 1578 aquae
404 1522 549 1563 rivum
577 1521 658 1562 sub
684 1520 822 1561 ramis
851 1519 1020 1560 arboris
1047 1519 1189 1561 altae».
1208 1544 1267 1547 —
1291 1519 1583 1573 pcetereuntis
1610 1531 1754 1575 aquae,

254 1603 305 1642 ut
329 1600 439 1642 Hor.
466 1597 608 1640 Germ.
638 1596 693 1638 ΙΙ.
727 1597 793 1645 11,
825 1597 1022 1638 17—20:
1055 1595 1178 1649 «quis
1204 1608 1317 1649 puer
1343 1596 1467 1637 ocius
1494 1595 1759 1649 Restinguet

256 1675 452 1719 ardentis
476 1673 659 1715 Falerni
683 1672 848 1714 Pocula
872 1674 1167 1726 praetereunte
1192 1672 1433 1726 lymphaP»
1742 1689 1746 1707 ι

270 1752 370 1795 ·V.
394 1752 582 1794 29—32.
612 1748 848 1798 bidentem,
878 1750 929 1790 cf
960 1748 1061 1790 adn.
1088 1748 1221 1802 supra
1244 1749 1303 1790 ad
1329 1749 1361 1790 Ι.
1386 1750 1450 1799 10,
1471 1749 1554 1791 49:
1579 1748 1761 1791 «bidens

255 1842 538 1882 vomerque».
561 1851 620 1856 —-
647 1824 739 1868 Aut
766 1825 951 1868 stimulo
980 1824 1137 1868 tardos
1163 1815 1442 1880 increpuisse
1470 1825 1615 1877 boves,
1643 1826 1758 1880 cogi-

249 1907 443 1950 tandum
490 1905 543 1946 de
585 1902 801 1945 aratione.
840 1925 899 1930 ——
936 1902 1236 1945 stimulo
1276 1901 1572 1957 increpuisse,
1625 1902 1761 1944 boves

260 1982 453 2025 stimulis
494 1979 704 2022 fodiendo
748 1979 932 2028 hortari,
981 1981 1030 2020 ut
1070 1977 1148 2020 Ov.
1189 1979 1297 2020 Met.
1340 1978 1451 2020 XIV.
1498 1980 1760 2021 820—821':

265 2059 546 2114 «Impavidus
592 2056 851 2099 conscendit
898 2069 1035 2110 equos
1078 2055 1297 2098 Gradivus
1339 2057 1382 2097 et
1423 2056 1515 2097 ictu
1553 2055 1762 2098 Verberis

260 2135 503 2189 increpuit»
536 2136 580 2175 et
606 2132 713 2175 Stat.
755 2132 890 2174 Theb.
916 2133 992 2174 ΙΙΙ.
1022 2134 1137 2175 431:
1171 2133 1332 2185 «Terga
1370 2145 1631 2186 comamque
1668 2133 1762 2174 deae

248 2212 466 2266 Scythica
511 2213 638 2264 pater
683 2210 883 2264 increpat
928 2210 1101 2251 hasta».
1143 2233 1201 2238 —-
1242 2206 1347 2251 Non
1388 2220 1612 2265 ayuamve
1656 2208 1763 2250 sinu

260 2289 413 2345 pigeat
452 2290 531 2329 etc.
549 2304 559 2339 ;
598 2287 747 2328 locum
783 2287 987 2328 imitatur
1013 2285 1220 2339 Calpurn.
1249 2285 1339 2326 Ecl.
1369 2287 1408 2335 5,
1445 2286 1646 2327 39—42:
1678 2285 1759 2325 «Te

252 2369 436 2419 'quoque
462 2377 554 2405 non
592 2364 769 2417 pudeat,
798 2376 899 2404 cum
937 2376 1062 2404 serus
1090 2362 1223 2404 ovilia
1247 2362 1377 2412 vises,
1406 2360 1454 2404 Si
1478 2374 1565 2415 qua
1601 2361 1764 2402 iacebit

264 2442 515 2494 ovis-partu
539 2441 736 2481 resoluta
762 2440 940 2489 recenti,
968 2439 1099 2480 Hanc
1125 2439 1292 2480 umeris
1308 2441 1486 2493 portare
1503 2437 1592 2479 tuis
1609 2440 1760 2478 natos-

250 2532 347 2572 ·que
363 2516 535 2570 patenti
550 2516 684 2556 Ferre
703 2516 807 2556 sinu
821 2515 1038 2557 tremulos
1056 2517 1101 2556 et
1114 2515 1317 2556 nondum
1335 2518 1450 2556 stare
1467 2517 1688 2568 paratos».
1703 2538 1762 2543 —

250 2592 493 2637 desertum
519 2591 661 2633 oblita
687 2593 846 2640 matre,
877 2604 902 2632 a
928 2594 1070 2632 matre
1098 2591 1194 2632 eius
1221 2591 1371 2632 oblita.

251 2694 254 2696 v
322 2668 373 2712 V.
402 2669 589 2711 33-36.
633 2668 796 2722 eoeiyuo
832 2667 999 2722 pecori,
1042 2667 1177 2721 gregi.
1217 2691 1276 2696 —
1312 2666 1522 2722 furesque
1565 2664 1762 2721 lupique,

252 2759 357 2789 ,una
382 2746 788 2788 'commemorantur
826 2743 960 2785 etiam
992 2744 1152 2797 Paneg.
1180 2743 1314 2785 Mess.
1347 2741 1605 2784 186—187:
1636 2740 1761 2783 «Cui-
