1942 3132
886 239 944 271 Π.
967 238 1003 269 2.
1027 238 1062 269 3.

212 395 224 402 ,
280 361 379 405 Ηοο
406 361 626 404 sollemne
653 371 829 403 sacrum
854 357 1022 400 multos
1050 356 1155 398 huic
1180 358 1324 399 fumet
1350 356 1397 398 in
1425 369 1598 399 annos:

340 439 531 493 Dignior
556 442 624 481 est
647 439 795 480 vestro
821 435 949 477 nulla.
973 434 1127 489 puella
1152 434 1303 476 choro.

947 646 1003 690 II.

283 746 418 789 Parce
443 759 545 788 meo
571 745 738 795 iuveni,
765 758 845 786 seu
870 743 970 798 quis
996 742 1116 785 bona
1141 755 1310 797 pascua
1335 741 1481 795 campi

345 823 433 867 Seu
459 824 570 867 colis
595 822 797 866 umbrosi
821 821 952 863 devia
977 821 1148 864 montis
1174 833 1295 875 aper,

284 901 373 943 Nec
399 901 483 942 tibi
508 901 567 943 sit
592 900 727 943 duros
753 899 927 941 acuisse
954 899 1002 940 in
1028 897 1187 952 proelia
1213 898 1398 939 dentes:

344 978 623 1021 Incolumem
647 978 798 1019 custos
824 976 945 1018 hunc
969 975 1085 1018 mihi
1112 976 1258 1017 servet
1284 974 1433 1016 Amor.

287 1054 374 1099 Sed
396 1055 554 1110 procul
578 1053 759 1098 abducit
782 1052 979 1096 venandi
1003 1052 1135 1094 Delia
1160 1063 1293 1094 cura:

347 1131 383 1175 Ο
408 1135 596 1188 pereant
621 1132 743 1175 silvae
770 1130 1068 1185 deficiantque
1094 1129 1255 1172 canes!

287 1209 397 1262 Quis
423 1210 547 1252 furor
572 1211 651 1259 est,
680 1222 777 1263 quae
803 1221 945 1256 mens,
975 1207 1139 1249 densos
1166 1205 1379 1260 indagine
1406 1205 1544 1248 colles

347 1285 639 1329 Claudentem
665 1289 844 1328 teneras
870 1283 1030 1326 laedere
1058 1284 1171 1326 velle
1197 1286 1395 1326 manus?

287 1363 459 1416 Quidve
485 1364 609 1406 iuvat
633 1362 790 1405 furtim
814 1361 1010 1406 latebras
1035 1361 1205 1403 intrare
1232 1361 1426 1403 ferarum

347 1439 634 1495 Candidaque
661 1439 858 1481 hamatis
883 1451 1014 1480 crura
1040 1442 1197 1480 notare
1223 1437 1382 1480 rubis?

236 1526 241 1527 ⁷
289 1516 376 1560 Sed
401 1520 567 1567 tamen,
594 1520 646 1560 ut
669 1520 818 1559 tecum
844 1516 991 1565 liceat,
1020 1514 1244 1565 Cerinthe‚
1274 1515 1439 1570 vagari,

347 1594 454 1649 Ipsa
479 1608 561 1649 ego
586 1608 667 1650 per
691 1597 869 1637 montes
893 1594 1009 1635 retia
1033 1596 1152 1636 torta,
1178 1594 1335 1644 feram,

290 1671 393 1726 Ipsa
419 1686 501 1728 ego
527 1673 694 1716 velocis
720 1685 918 1727 quaeram
944 1671 1134 1726 vestigia
1160 1671 1278 1713 cervi

349 1749 407 1792 Et
431 1749 608 1792 demam
634 1750 768 1792 celeri
795 1751 938 1792 ferrea
963 1749 1111 1791 vincla
1137 1749 1252 1791 cani.

290 1826 413 1869 Tunc
437 1828 563 1878 mihi,
591 1831 700 1871 tunc
724 1829 934 1883 placeant
959 1827 1081 1868 silvae
1109 1827 1159 1876 si,
1187 1826 1265 1868 lux
1295 1839 1408 1874 mea,
1437 1828 1584 1868 tecum

351 1905 523 1958 Arguar
547 1908 652 1947 ante
677 1906 801 1959 ipsas
827 1903 1121 1946 concubuisse
1147 1903 1328 1957 plagas:

292 1980 414 2023 Tunc
439 1981 592 2023 veniat
615 1982 721 2024 licet
745 1980 802 2023 ad
828 1994 990 2031 casses,
1015 1981 1200 2023 inlaesus
1227 1980 1379 2030 abibit,

354 2059 418 2101 Ne
443 2059 629 2101 Veneris
655 2058 826 2113 cupidae
850 2058 1014 2112 gaudia
1040 2058 1201 2108 turbet,
1230 2070 1348 2112 aper.

294 2137 420 2179 Nunc
448 2138 545 2179 sine
571 2150 643 2179 me
670 2137 729 2179 sit
754 2136 881 2178 nulla
907 2135 1072 2186 Venus,
1102 2135 1178 2177 sed
1206 2135 1303 2189 lege
1329 2135 1498 2185 Dianae,

273 2227 277 2230 ·
354 2214 484 2258 Ceste
511 2228 635 2270 puer,
664 2217 787 2256 casta
812 2214 925 2256 retia
952 2218 1086 2267 tange
1111 2226 1276 2255 manu:

293 2293 350 2335 Et
375 2305 662 2348 quaecumque
688 2305 789 2334 meo
817 2292 970 2333 furtim
997 2291 1197 2346 subrepit
1221 2290 1381 2341 amori,

353 2370 528 2412 Incidat
552 2370 600 2411 in
627 2382 767 2411 saevas
793 2368 1044 2424 diripienda,
1070 2370 1198 2412 feras.

293 2449 352 2491 At
377 2451 425 2490 tu
451 2446 646 2489 venandi
674 2447 871 2489 studium
896 2446 1088 2489 concede
1114 2447 1303 2501 parenti,

355 2527 412 2570 Et
436 2527 553 2569 celer
578 2527 625 2568 in
651 2528 831 2568 nostros
856 2526 952 2580 ipse
978 2538 1152 2568 recurre
1180 2526 1318 2568 sinus.

1686 223 1739 258 45

1690 739 1758 774 IV.
1776 738 1816 773 3.

1778 1457 1821 1481 10·

1778 1844 1821 1867 15

1776 2233 1822 2257 20-
