1942 3132
298 225 369 259 224
852 240 906 268 AD
928 240 984 268 1v.
1008 239 1040 277 2,
1065 237 1229 267 21—24.

299 370 418 398 mas»
451 359 494 398 et
518 357 550 397 I.
583 357 646 406 14,
681 357 762 399 12:
807 356 885 403 «Et
925 357 1087 410 legitur
1113 355 1255 397 rubris
1293 368 1467 408 gemma
1493 354 1573 396 sub
1600 355 1784 408 aequori-

298 434 404 475 bus»
426 448 436 483 3
463 432 599 487 Lygd.
621 434 657 483 3,
682 434 732 475 17
751 449 760 475 :
794 434 864 475 «in
878 433 1107 487 Erythraeo
1125 433 1288 486 legitur
1301 445 1396 486 quae
1418 432 1546 474 litore
1561 432 1750 473 concha»
1771 446 1782 482 ;

300 510 374 551 Ov.
402 510 450 551 A.
492 510 540 551 A.
581 509 658 551 III.
706 511 964 552 1929—130:
1013 509 1124 551 «Vos
1166 522 1338 563 quoque
1380 521 1471 549 non
1512 510 1624 550 caris
1656 518 1783 550 aures

299 589 479 628 onerate
506 587 686 640 lapillis,
717 587 837 638 Quos
864 587 973 641 legit
989 587 1036 627 in
1054 585 1185 627 viridi
1203 585 1380 626 decolor
1395 586 1532 627 Indus
1553 598 1706 639 aqua».
1725 610 1784 614 —
1843 597 1844 600 ’

298 664 437 706 rubro
465 662 517 706 de
548 663 693 718 litore,
717 664 826 705 litus
851 664 988 705 maris
1014 662 1153 705 Rubri
1167 677 1177 712 ;
1204 676 1325 704 mare
1342 661 1541 703 Rubrum
1559 662 1650 703 sive
1674 661 1780 715 E15-

298 742 485 782 thraeum
530 740 769 782 vocabatur
808 754 911 794 pars
954 740 1108 782 oceani
1153 739 1295 781 Indici
1338 739 1454 780 inter
1493 738 1700 780 Arabiam
1740 742 1784 781 et

297 819 471 860 Indiam
498 818 610 867 sita;
638 818 689 859 cf.
717 817 843 871 Verg.
885 825 992 859 Aen.
1020 817 1136 858 VIII.
1179 817 1290 858 686:
1325 816 1497 857 «Victor
1524 815 1577 857 ab
1603 815 1781 857 Aurorae

296 895 475 950 populis
504 897 546 936 et
561 895 689 936 litore
706 894 880 937 rubro».
909 919 967 922 ——
994 894 1086 936 eois
1105 927 1113 935 .
1134 927 1142 935 .
1163 926 1172 934 .
1202 892 1346 950 aquis,
1368 892 1541 934 Oceano
1560 893 1776 943 orientali,

296 975 346 1014 ut
371 973 487 1014 infra
512 972 566 1013 II.
597 973 635 1022 Ξ,
670 973 750 1014 16:
782 971 876 1012 «eoi
901 971 1092 1019 maris»;
1121 972 1173 1012 cf.
1202 970 1361 1012 Catull.
1393 971 1455 1020 11¹,
1483 971 1623 1012 2—3:
1657 967 1785 1012 «Sive

295 1051 344 1091 in
371 1051 588 1091 extremos
614 1049 865 1102 penetrabit·
884 1047 1031 1098 Indos,
1051 1048 1178 1088 Litus
1204 1053 1254 1089 ut
1279 1049 1411 1101 longe
1437 1049 1676 1088 resonante
1702 1060 1783 1088 eoa

296 1125 513 1168 'Funditur
538 1125 681 1167 unda»
720 1128 762 1166 et
787 1124 914 1179 Prop.
942 1125 1013 1166 IV.
1044 1126 1080 1174 3,
1115 1125 1191 1165 10:
1226 1124 1385 1166 «Ustus
1415 1126 1457 1165 et
1484 1137 1564 1166 eoa
1590 1124 1782 1166 discolor

295 1202 432 1244 Indus
460 1215 614 1255 aqua».

353 1279 402 1321 V.
433 1280 618 1321 21—24.
663 1276 797 1320 Hane
822 1289 915 1330 vos,
945 1276 1155 1329 Pierides,
1180 1277 1307 1333 festis
1344 1279 1521 1320 cantate
1547 1276 1781 1328 Kalendis,

295 1357 472 1398 invocat
496 1355 650 1397 Musas
678 1354 921 1408 Sulpiciam
944 1357 1227 1404 cantaturus3
1250 1357 1399 1395 cantat
1417 1357 1564 1395 autem
1582 1356 1780 1408 puellam

296 1433 494 1487 elegidiis
523 1431 820 1487 sequentibus,
850 1431 920 1472 IV.
951 1432 1078 1473 3—6.
1105 1456 1164 1459 —
1191 1429 1403 1483 Pierides,
1421 1432 1488 1485 cf.
1518 1431 1615 1472 adn.
1645 1445 1780 1485 supra

295 1510 348 1551 ad
374 1510 408 1551 Ι.
436 1511 475 1560 4,
507 1511 574 1551 61.
603 1534 661 1537 —-
687 1507 744 1550 Et
772 1506 1022 1550 testudinea
1039 1505 1216 1550 Phoebe
1236 1506 1422 1562 superbe
1446 1507 1560 1563 lyra,
1589 1510 1638 1549 ut
1662 1508 1778 1549 infra

291 1587 362 1629 IV.
390 1587 429 1636 4,
473 1587 524 1627 2:
574 1585 775 1626 «intonsa
811 1584 974 1625 Phoebe
1018 1584 1205 1637 superbe
1237 1597 1403 1625 coma».
1431 1609 1489 1612 m
1514 1583 1778 1635 testudinea,

291 1662 514 1705 testudine
542 1664 727 1710 ornata,
770 1661 822 1702 cf.
863 1659 998 1714 Lygd.
1038 1661 1077 1710 4,
1109 1661 1295 1702 37—38.
1333 1660 1384 1701 de
1410 1661 1506 1713 lyra
1531 1661 1778 1714 Apollinis:
1828 1688 1831 1691 -

298 1740 438 1780 «Artis
468 1752 578 1791 opus
604 1752 724 1788 rarae,
755 1739 930 1791 fulgens
957 1737 1179 1779 testudine
1208 1740 1250 1779 et
1276 1751 1400 1788 auro,
1422 1737 1646 1779 Pendebat
1669 1738 1779 1779 laeva

291 1817 466 1870 garrula
488 1819 611 1870 parte
637 1816 775 1869 lyra».
812 1813 1079 1857 Testudinea
1121 1816 1267 1868 (plur.)
1294 1815 1616 1868 supellectilem
1641 1817 1778 1856 testu-

291 1893 394 1933 dine
434 1894 637 1933 ornatam
676 1890 930 1945 significant
971 1891 1088 1944 apud
1127 1891 1260 1933 Iavol.
1305 1891 1470 1944 Digest.
1514 1891 1699 1934 XXXII,
1741 1894 1773 1942 1,

296 1970 390 2010 100.
424 1968 459 2021 ξ.
489 1970 528 2010 4.
559 1967 621 2010 Cf.
651 1968 785 2009 etiam
811 1968 940 2021 Prop.
967 1967 1038 2009 IV.
1069 1969 1105 2017 6,
1138 1969 1322 2009 31—32.
1352 1968 1403 2009 de
1429 1969 1622 2010 Phoebo:
1656 1969 1778 2011 «Non

291 2047 368 2087 ille
396 2047 605 2087 attulerat
631 2045 775 2086 crines
800 2045 849 2086 in
875 2046 991 2086 colla
1009 2045 1187 2095 solutos,
1208 2045 1295 2086 Aut
1311 2045 1573 2087 testudineae
1599 2058 1778 2087 carmen

291 2122 460 2163 inerme
487 2122 636 2175 lyrae».
660 2147 719 2150 —
741 2121 946 2177 superbe,
969 2122 1101 2175 iunge
1120 2135 1218 2162 cum
1236 2122 1346 2177 lyra.
1374 2147 1431 2150 —
1450 2120 1546 2164 Hoc
1564 2122 1778 2165 sollemne

289 2210 472 2240 sacrum
498 2198 667 2240 multos
695 2197 799 2241 huic
824 2190 967 2254 fumet
998 2198 1047 2240 in
1073 2210 1232 2251 armos,
1272 2198 1467 2252 Sulpicia
1505 2200 1588 2240 hoc
1615 2199 1777 2243 festum

289 2275 476 2316 Iunonis
502 2274 649 2316 videat
687 2277 730 2315 et
768 2274 959 2315 celebret
997 2275 1164 2316 multos
1201 2288 1280 2328 per
1318 2288 1471 2325 annos,
1512 2276 1538 2316 i.
1581 2289 1615 2316 e.
1643 2277 1776 2328 poeta
1831 2269 1835 2272 ⁵

289 2352 469 2404 longam
495 2352 633 2392 vitam
661 2354 787 2405 optat
821 2332 982 2405 puellae
1013 2352 1220 2392 sollemni
1246 2352 1330 2392 hoc
1357 2352 1427 2393 die
1453 2354 1567 2393 voto.
1595 2377 1653 2380 —
1677 2351 1773 2394 sol-

292 2428 435 2470 lemne
473 2440 672 2480 sacrum,
713 2427 977 2469 sacrificium
1017 2429 1129 2470 festo
1169 2428 1239 2469 die
1277 2428 1361 2469 diis
1401 2427 1685 2478 offerendum,
1725 2431 1775 2470 ut

290 2504 375 2546 Cic.
405 2504 536 2557 Legg.
565 2504 621 2545 II.
650 2505 686 2553 8,
722 2505 800 2545 19:
835 2517 981 2545 «sacra
1009 2505 1244 2546 sollemnia
1273 2505 1506 2555 obeunte»,
1535 2505 1652 2546 Flor.
1679 2505 1712 2546 I.
1733 2506 1770 2555 7,

294 2580 372 2621 16:
426 2579 635 2620 «Fabium
681 2580 935 2632 pontificem
978 2582 1031 2622 ab
1074 2595 1170 2623 arce
1213 2582 1391 2632 dimisit,
1442 2582 1515 2635 qui
1557 2582 1773 2623 sollemne

290 2669 463 2698 sacrum
484 2689 493 2697 .
520 2689 529 2697 .
553 2689 563 2697 .
588 2656 864 2698 conficeret».
891 2657 1107 2699 Matronae
1147 2659 1315 2700 scilicet
1350 2657 1562 2700 Kalendis
1599 2657 1774 2700 Martiis

291 2732 596 2774 sacrificabant
630 2733 795 2774 Iunoni
835 2733 1029 2776 Lucinae.
1054 2759 1111 2762 —
1138 2735 1306 2777 multos
1326 2768 1334 2776 .
1355 2766 1391 2775 ..
1421 2734 1470 2776 in
1505 2745 1663 2785 annos,
1694 2747 1773 2787 per
