1942 3132
194 1011 232 1034 60

194 1393 231 1418 65

938 266 967 294 Ι.
997 265 1053 295 10.

368 380 557 421 Uxorem
584 380 783 434 plaustro
809 383 1154 436 progeniemque
1181 383 1375 425 domum.

309 455 394 498 Sed
420 457 603 499 Veneris
630 460 735 499 tunc
760 459 877 500 bella
903 460 1061 507 calent,
1091 460 1337 512 scissosque
1366 460 1549 514 capillos

366 532 555 574 Femina
579 535 822 587 perfractas
849 536 1219 589 conqueriturque
1247 537 1389 576 fores:

306 608 408 650 Flet
434 612 611 650 teneras
640 609 797 651 obtusa
823 624 985 664 genas:
1014 611 1090 651 sed
1115 611 1254 652 victor
1281 613 1323 651 et
1349 610 1444 663 ipse

366 685 466 727 Flet
492 686 577 728 sibi
602 686 830 729 dementes
857 690 948 729 tam
974 688 1168 729 valuisse
1196 700 1369 728 manus.

307 762 365 804 At
389 763 581 804 lascivus
606 763 743 804 Ar'nor
768 764 870 804 rixae
897 764 1016 805 mala
1040 763 1174 805 verba
1198 763 1437 812 ministrat,

367 839 489 881 Inter
516 843 559 881 et
583 840 744 881 iratum
771 840 920 881 lentus
946 843 1184 893 utrumque
1212 839 1346 881 sedet.

308 916 345 956 A
369 916 485 969 lapis
513 918 580 957 est
605 916 868 969 ferrumque,
899 929 1026 957 suam
1053 916 1316 969 quicumque
1342 914 1540 968 puellam

367 991 604 1033 Verberat:
632 1005 654 1032 e
681 992 804 1033 caelo
832 991 992 1044 deripit
1018 991 1094 1032 ille
1121 990 1240 1032 deos.

309 1066 374 1111 Sit
401 1069 509 1111 satis
537 1083 559 1110 e
587 1069 797 1110 membris
824 1072 1004 1110 tenuem
1030 1067 1279 1108 rescindere
1304 1069 1487 1115 vestem,

369 1144 434 1187 Sit
461 1147 569 1188 satis
596 1148 780 1187 ornatus
808 1145 1067 1187 dissoluisse
1095 1157 1244 1193 comae,

308 1220 374 1264 Sit
398 1223 604 1265 lacrimas
630 1224 821 1265 movisse
849 1223 982 1264 satis:
1010 1224 1165 1275 quater
1189 1221 1266 1262 ille
1293 1221 1461 1269 beatus,

367 1299 463 1351 Quo
489 1302 642 1341 tenera
666 1301 780 1341 irato
806 1299 910 1340 flere
938 1299 1089 1353 puella
1114 1301 1272 1352 potest.

309 1373 395 1417 Sed
420 1375 629 1417 manibus
656 1376 730 1429 qui
758 1389 900 1418 saevus
929 1376 1022 1423 erit,
1052 1378 1315 1428 scutumque
1341 1373 1583 1432 sudemque

366 1451 410 1492 Is
436 1455 559 1505 gerat
586 1455 629 1492 et
653 1452 755 1493 miti
781 1452 838 1493 sit
863 1451 1017 1505 procul
1046 1464 1071 1492 a
1095 1450 1279 1492 Venere.

306 1528 363 1569 At
388 1529 530 1578 nobis,
559 1529 647 1570 Pax
672 1529 804 1579 alma,
830 1529 933 1570 veni
961 1529 1215 1582 spicamque
1242 1530 1405 1577 teneto,

366 1604 564 1647 Profluat
592 1608 635 1647 et
659 1606 805 1659 pomis
832 1605 1045 1647 candidus
1073 1608 1175 1647 ante
1203 1605 1338 1647 sinus.
