1942 3132
773 229 832 260 u>
849 229 907 260 ιν.
929 227 966 267 2,
988 227 1107 259 5—8.
1619 215 1685 250 221

193 349 507 399 celebrabatur,
535 349 670 391 etiam
710 346 831 390 Mars
856 347 1042 389 honoris
1066 347 1291 402 particeps
1318 353 1414 388 esse
1441 347 1685 390 videbatur.

194 444 255 457 -ι
277 427 319 470 si
343 426 484 483 sapis,
521 426 559 469 si
596 424 794 480 prudens
831 437 904 474 es;
941 425 1091 466 iocose
1128 423 1296 466 dictum
1322 449 1378 452 —
1406 422 1503 466 Hoc
1538 422 1689 467 Venus

193 504 406 560 iynoscet,
447 504 630 558 propter
665 500 1046 556 pulchritudinem
1088 500 1323 555 Sulpiciam
1362 501 1414 542 cf.
1456 500 1583 555 Prop.
1626 501 1683 543 IL

193 581 264 632 28,
292 581 373 631 33„
413 580 490 622 ubi
529 580 649 622 Iovis
689 579 903 621 auxilium
944 579 1156 634 implorat
1195 578 1397 633 Cynthiae
1428 579 1687 632 aegrotanti:

198 657 319 700 «Hoc
342 658 424 700 tibi
447 658 519 700 vel
541 658 708 712 poterit
732 657 927 699 coniunx
947 658 1176 711 ignoscere
1208 656 1366 698 Iuno».
1395 680 1454 684 —
1478 654 1684 704 violente,

190 738 242 777 ut
266 736 410 791 βιατὰς
442 733 565 792 Ἄρης
591 734 718 776 Pind.
745 733 872 789 Pyth.
906 734 939 775 L
972 735 1037 776 10.
1066 758 1124 762 —
1150 731 1219 776 Ne
1257 732 1339 775 tibi
1371 731 1563 775 miranti
1590 732 1684 773 tur-

155 831 158 834 ’
183 812 306 868 piter
329 824 464 855 arma
487 810 670 864 cadant,
713 812 861 854 subito
887 813 1069 866 aspectu
1094 811 1311 865 perculsis
1346 823 1462 864 saepe
1488 809 1685 851 accidere

190 890 314 939 solet,
342 892 404 938 ut,
432 887 648 944 quidquid
673 902 812 931 manu
836 890 1006 938 tenent,
1035 888 1272 937 emittant;
1305 888 1358 929 cf.
1386 887 1514 941 Prop.
1542 886 1614 929 IV.
1643 888 1682 937 4,

190 965 364 1008 21—22
378 981 390 1008 :
421 964 686 1020 «Obstupuit
711 966 828 1020 regis
854 967 965 1008 facie
992 968 1043 1007 et
1061 965 1285 1020 regalibus
1312 965 1448 1007 armis
1473 964 1685 1019 Interque

188 1042 350 1085 oblitas
363 1042 523 1084 excidit
535 1056 649 1084 urna
661 1057 848 1085 manus»
869 1058 879 1093 ;
907 1042 985 1085 Ov.
1009 1042 1114 1085 Met.
1133 1042 1246 1084 XIV.
1268 1043 1379 1085 350:
1409 1041 1683 1096 «Obstipuitz

187 1118 382 1162 cecidere
406 1133 555 1170 manu,
585 1133 694 1174 quas
720 1121 899 1174 legerat,
929 1120 1118 1162 herbae».

245 1195 294 1238 V.
323 1197 452 1238 5—8.
482 1209 686 1247 eoeurere,
726 1210 877 1238 amore
902 1196 1153 1238 incendere.
1182 1221 1240 1225 —
1265 1196 1475 1253 yeminas
1506 1195 1682 1251 lampa-

186 1272 283 1327 das,
310 1274 452 1323 faces;
480 1273 534 1316 de
559 1274 730 1315 facibus
755 1274 933 1316 Amoris
960 1274 1012 1315 cf.
1032 1287 1166 1328 supra
1181 1274 1237 1316 Π.
1271 1275 1305 1323 1,
1335 1274 1419 1316 82:
1452 1273 1685 1315 «ardentes

185 1350 290 1392 hinc
314 1364 472 1405 precor
495 1350 606 1392 abde
632 1351 775 1392 faces»
797 1354 843 1393 et
857 1351 975 1392 infra
1000 1351 1055 1393 Π.
1085 1352 1123 1402 6,
1159 1352 1236 1394 16;
1270 1351 1535 1394 «exstinctas
1561 1351 1679 1405 aspi-

183 1427 385 1482 ciamque
411 1429 552 1470 faces»
575 1443 586 1478 ;
612 1428 740 1482 Pr0p.
780 1428 836 1470 IL
878 1429 916 1476 3,
963 1429 1027 1471 14.
1056 1428 1110 1470 de
1149 1429 1291 1471 oculis
1317 1427 1548 1483 Cynthiae:
1582 1442 1678 1482 «ge-

183 1505 328 1555 minae,
357 1505 502 1548 sidera
517 1508 683 1556 nostra,
702 1507 863 1548 faces».
891 1531 949 1535 -—
976 1518 1083 1549 acer
1099 1505 1254 1557 Amor,
1274 1506 1496 1556 fervidus3
1524 1504 1681 1548 eodem

185 1580 383 1635 epitheto
410 1586 594 1625 ornatur
617 1584 755 1625 Amor
792 1583 910 1625 infra
944 1583 1002 1625 H.
1043 1585 1081 1635 6,
1115 1586 1181 1627 15.
1208 1609 1269 1613 --
1292 1583 1488 1641 vestigia
1524 1583 1678 1633 movit,

182 1658 332 1712 pedes,
356 1662 408 1701 ut
430 1659 559 1715 Prop.
587 1661 620 1702 Ι.
651 1661 688 1712 3,
717 1662 772 1704 9:
804 1661 961 1703 «Ebria
978 1675 1080 1704 cum
1096 1663 1239 1704 multo
1255 1662 1479 1704 traherem
1491 1661 1681 1714 vestigia

182 1734 400 1778 Baccho».
437 1736 504 1779 De
531 1737 688 1780 decore
720 1738 922 1780 incessus
959 1739 1012 1780 cf.
1042 1738 1119 1781 Ov.
1154 1740 1204 1781 A.
1232 1740 1280 1781 A.
1308 1739 1386 1781 III.
1416 1739 1681 1781 299—300:

189 1812 294 1854 «Est
318 1816 362 1855 et
385 1814 433 1855 in
458 1815 636 1857 incessu
659 1828 762 1869 pars
778 1828 872 1856 non
888 1818 1147 1870 contempta
1163 1815 1359 1858 decoris:
1385 1816 1537 1857 Allicit
1552 1816 1679 1869 igno-

182 1892 252 1931 tos
277 1890 354 1931 ille
381 1891 591 1945 fugatque
617 1892 778 1934 viros».
807 1917 865 1921 -—
894 1890 1135 1948 Componit
1171 1893 1334 1950 furtim
1365 1892 1678 1950 subsequitur·

182 1978 269 2022 que
295 1964 454 2017 Decor,
479 1968 627 2010 locum
652 1970 870 2024 respicere
897 1969 1074 2012 videtur
1094 1971 1277 2023 Quintil.
1305 1971 1415 2013 Inst.
1444 1970 1514 2013 Or.
1543 1970 1576 2012 I.
1610 1972 1674 2020 11,

187 2045 266 2086 19:
298 2044 472 2099 «Neque
499 2047 620 2088 enim
657 2051 831 2101 gestum
871 2049 1059 2091 oratoris
1097 2049 1304 2102 componi
1339 2047 1395 2089 ad
1422 2047 1675 2090 similitudi-

182 2133 285 2162 nem
326 2122 578 2164 saltationis
603 2124 718 2174 volo‚
760 2123 837 2166 sed
876 2124 1057 2166 subesse
1096 2125 1264 2180 aliquid
1303 2139 1354 2167 ex
1391 2126 1474 2167 hac
1512 2125 1672 2166 exerci-

181 2198 350 2239 tatione
390 2199 563 2253 puerssi,
592 2200 711 2243 unde
738 2215 821 2244 nos
847 2215 940 2244 non
966 2202 1011 2244 id
1037 2206 1221 2257 agentes
1245 2202 1411 2259 furtim
1437 2201 1572 2246 decor
1596 2203 1676 2246 ille

182 2274 455 2318 discentibus
480 2277 669 2321 traditus
693 2284 1028 2335 prosequatur».
1057 2280 1120 2324 Cf.
1139 2281 1279 2323 Plaut.
1298 2281 1429 2324 Most.
1457 2281 1490 2322 I.
1522 2283 1560 2327 3.
1594 2282 1673 2323 17:

187 2353 383 2396 «Virtute
411 2356 562 2397 formae
579 2355 626 2397 id
643 2357 801 2406 evenit,
829 2359 874 2399 te
889 2361 939 2399 ut
956 2357 1120 2407 deceat,
1141 2357 1354 2414 quidquid
1380 2360 1586 2402 habeas».
1616 2384 1674 2388 ——

184 2428 438 2486 Componi!‚
464 2432 512 2473 in
549 2431 752 2474 ordinem
790 2433 951 2488 redigit
983 2439 1033 2476 ut
1072 2449 1224 2478 servus
1250 2440 1419 2478 vestem
1458 2436 1672 2486 dominae;

178 2506 355 2562 furtim,
382 2521 477 2550 non
503 2509 861 2560 animadversus;
887 2511 1035 2565 agitur
1060 2514 1180 2555 enim
1216 2513 1268 2555 de
1306 2513 1463 2556 decore
1500 2515 1668 2565 innato,

179 2597 272 2626 non
298 2588 391 2627 arte
433 2586 630 2640 quaesito.
659 2586 722 2629 Cf.
750 2587 871 2630 Paul.
912 2587 1066 2632 Silent.
1109 2591 1241 2634 Anth.
1282 2591 1370 2633 Pal.
1399 2591 1449 2633 V.
1490 2593 1587 2642 260,
1619 2593 1670 2634 7:

179 2659 357 2719 Μορφὴν
380 2663 627 2721 τριχθαδίην
660 2663 849 2720 Χαρίτων
873 2670 989 2722 τριὰς
1028 2666 1313 2726 ἀμφιπολεύει.
1339 2695 1395 2698 -
1423 2669 1670 2725 subsequi-

180 2737 356 2793 turque,
381 2742 431 2781 ut
456 2740 737 2795 pedisequus.
766 2766 824 2771 —
849 2740 1009 2796 Decor,
1030 2746 1382 2799 personificatus.
