1942 3132
887 216 936 246 11.
959 214 995 246 5.

202 362 215 368 -
254 336 615 391 Concubitusque
641 338 743 379 tuos
769 335 923 378 furtim
949 334 1173 388 vittasque
1200 334 1398 375 iacentes

313 415 371 457 Et
395 414 547 470 cupidi
573 413 629 457 ad
654 414 775 469 ripas
801 425 926 455 arma
951 412 1107 454 relicta
1134 411 1218 452 dei.

255 492 434 547 Carpite
459 505 594 542 nunc,
621 491 755 542 tauri,
783 489 838 533 de
867 494 1039 544 septem
1066 488 1298 531 montibus
1325 488 1501 536 herbas,

314 569 434 612 Dum
458 570 590 613 licet:
615 569 689 612 hic
713 582 888 624 magnae
914 568 1004 610 iam
1031 568 1157 610 locus
1183 566 1308 608 urbis
1335 566 1430 608 erit.

254 646 410 696 Roma,
438 649 570 689 tuum
593 659 763 690 nomen
785 646 918 688 terris
946 645 1080 688 fatale
1108 643 1330 698 regendis,

316 724 414 776 Qua
439 738 521 766 8118
546 723 600 766 de
626 723 734 766 caelo
760 723 979 778 prospicit
1006 736 1111 765 arva
1138 721 1284 771 Ceres,

257 802 443 855 Quaque
468 803 626 857 patent
650 803 775 843 ortus
801 802 846 842 et
871 814 960 855 qua
983 799 1269 842 fluitantibus
1295 797 1429 840 undis

318 876 434 921 Solis
461 878 727 920 anhelantes
753 878 897 920 abluit
923 878 1071 919 amnis
1099 889 1249 931 equos.

256 955 388 998 Troia
414 954 593 1010 quidem
619 957 726 997 tunc
753 968 800 997 se
827 954 1065 997 mirabitur
1091 957 1135 995 et
1162 954 1246 995 sibi
1273 953 1391 994 dicet

317 1032 408 1075 Vos
432 1033 546 1075 bene
571 1036 663 1075 tam
690 1032 827 1086 longa
853 1031 1136 1073 consuluisse
1163 1031 1247 1072 via.

257 1110 373 1152 Vera
399 1123 537 1152 cano:
565 1111 629 1152 sic
653 1123 795 1165 usque
823 1123 971 1152 sacras
997 1110 1184 1151 innoxia
1209 1109 1363 1150 laurus

317 1186 492 1237 Vescar,
522 1189 567 1228 et
590 1189 809 1229 aeternum
836 1187 895 1228 sit
918 1185 1032 1228 mihi
1059 1185 1335 1239 virginitas.»

258 1263 366 1306 Haec
391 1264 552 1306 cecinit
575 1266 700 1306 vates
728 1266 772 1305 et
797 1266 842 1305 te
868 1263 966 1313 sibi,
994 1263 1173 1308 Phoebe.
1201 1263 1389 1311 vocavit,

319 1341 508 1383 lactavit
532 1341 655 1384 fusas
682 1344 726 1383 et
751 1343 887 1396 caput
912 1343 1017 1383 ante
1044 1354 1207 1383 comas

260 1419 487 1473 Quidquid
510 1419 761 1469 Amalthea,
790 1418 1007 1474 quidquid
1031 1419 1261 1473 Marpesia
1287 1417 1412 1467 dixit,

224 1494 233 1495 ’
319 1496 568 1551 Herophile
593 1495 762 1539 Phoebo
788 1499 918 1551 grata
943 1495 1062 1551 quod
1088 1495 1335 1543 admonuit,

260 1574 467 1630 Quasque
493 1575 669 1617 Aniena
695 1588 844 1617 sacras
870 1574 1031 1616 Tiburs
1056 1587 1138 1628 per
1163 1572 1353 1615 flumina
1380 1576 1524 1615 sortes

319 1652 515 1694 Portarit
540 1653 657 1694 sicco
683 1652 1008 1706 pertuleritque
1037 1651 1154 1696 sinn.

260 1729 357 1781 (Hae
384 1730 479 1771 fore
505 1729 713 1772 dixerunt
736 1729 844 1771 belli
872 1729 992 1771 mala
1022 1729 1150 1782 signa
1177 1732 1397 1775 cometen,

321 1805 492 1849 Multus
517 1810 568 1849 ut
593 1807 641 1848 in
667 1809 809 1848 terras
835 1805 1154 1860 deplueretque
1180 1805 1324 1859 lapis;

262 1882 405 1937 Atque
431 1883 564 1926 tubas
590 1885 725 1937 atque
751 1896 877 1924 arma
903 1883 1055 1924 ferunt
1082 1881 1367 1935 strepitantia
1392 1882 1500 1922 caelo

323 1959 488 2002 Audita
514 1963 557 2001 et
582 1960 708 2002 lucos
732 1959 1023 2013 praecinuisse
1050 1959 1227 2011 fugam3

262 2037 419 2091 Ipsum
446 2035 583 2078 etiam
610 2034 761 2078 Solem
788 2036 1012 2077 defectum
1038 2035 1211 2076 lumine
1236 2034 1348 2076 vidit

323 2113 513 2178 Iungere
539 2113 764 2167 pallentes
789 2111 973 2154 nubilus
1001 2124 1149 2153 annus
1176 2124 1315 2165 equos

262 2191 323 2233 'Et
348 2191 588 2232 simulacra
613 2189 745 2231 deum
773 2189 984 2231 lacrimas
1010 2186 1179 2230 fudisse
1205 2190 1411 2242 tepentes

326 2268 527 2322 Fataque
553 2267 729 2309 vocales
754 2266 1078 2322 praemonuisse
1106 2266 1270 2316 boves),

267 2346 375 2388 Haec
400 2346 579 2387 fuerant
604 2343 739 2386 olim:
767 2343 844 2386 sed
868 2346 919 2385 tu
943 2343 1035 2385 iam
1061 2343 1199 2394 mitis,
1224 2343 1400 2397 Apollo,

330 2422 536 2476 Prodigia
562 2421 794 2464 indomitis
819 2433 970 2475 merge
997 2420 1079 2462 sub
1105 2420 1370 2475 aequoribus,

270 2501 331 2544 Ut
355 2513 570 2544 succensa
596 2499 735 2541 sacris
760 2499 952 2554 crepitat
977 2498 1089 2540 bene
1116 2498 1272 2540 laurea
1297 2496 1505 2547 flammis

331 2577 492 2620 Omine
519 2590 606 2631 quo
633 2576 740 2618 felix
765 2579 810 2618 et
834 2589 960 2618 sacer
984 2589 1131 2618 annus
1159 2575 1267 2616 erit!

270 2656 446 2698 Laurus
471 2655 549 2696 ubi
575 2654 694 2696 bona
721 2653 850 2708 signa
877 2653 1012 2702 dedit,
1041 2653 1232 2708 gaudete
1258 2652 1432 2694 coloni:

331 2733 569 2776 Distendet
595 2732 731 2787 spicis
756 2732 919 2774 horrea
943 2732 1079 2786 plena
1106 2732 1252 2780 Ceres,

1660 201 1710 236 59

1742 507 1783 531 ⁶5

1745 894 1786 918 ⁰30

1747 1281 1788 1304 65

1751 2053 1790 2079 ⁷5

1752 2441 1793 2466 80
