1942 3132
266 225 342 264 ⁶206
832 237 891 272 ΑΒ·
908 243 957 272 11.
983 241 1013 280 1,
1040 240 1204 270 55—60.

272 363 535 405 808—-809z
570 360 680 403 «Sed
706 374 807 402 cum
833 361 996 403 satiata
1027 360 1180 401 ferinae
1205 356 1395 399 Dextera
1421 357 1550 399 caedis
1574 357 1668 407 erit,
1696 370 1761 398 re-

269 439 480 492 petebam
507 439 645 492 frigus
673 440 715 479 et
740 437 975 487 umbras»;
1014 437 1066 477 cf.
1094 434 1227 477 Hom,
1263 435 1314 477 ΙΙ.
1341 433 1414 476 XI.
1445 435 1649 476 87—-882
1677 433 1764 477 ἐπεί

270 514 306 557 τ’
335 514 586 571 ἐκορέσσατο
611 519 757 572 χεῖρας
785 513 960 571 Τάμνων
983 513 1157 568 δένδρεα
1185 514 1329 569 μακρὰ
1356 510 1456 558 ἅδος
1482 514 1524 553 τὲ
1550 524 1616 567 μιν
1638 509 1762 553 ’ἵκετο

271 593 624 648 θομόν.-οοιίο
646 623 655 632 .
680 624 690 632 .
719 623 729 632 .
752 589 881 646 pede,
898 590 1118 643 rhythmo,
1138 591 1188 629 ut
1211 601 1344 641 supra
1365 587 1398 629 Ι.
1418 587 1458 637 7,
1487 587 1567 629 38:
1601 586 1764 628 «Movit

274 671 318 708 et
344 667 399 709 ad
426 670 567 709 certos
593 667 743 708 nescia
769 666 967 707 membra
992 665 1189 707 modos».
1218 689 1276 692 --—
1297 664 1470 707 rustica
1490 664 1642 714 verba,
1672 676 1761 705 car-

271 756 378 785 men
420 745 616 798 simplex,
658 745 754 785 sine
793 745 898 784 arte.
926 767 986 773 -—
1011 745 1153 791 satur,
1194 744 1296 795 post
1337 754 1503 782 cenam.
1531 765 1590 768 —
1615 740 1764 783 arenti

268 820 478 875 primum
516 821 583 863 est
620 818 885 862 modulatus
920 830 1066 862 avena
1106 816 1316 866 Carmen,
1352 819 1402 859 ut
1426 817 1552 871 Verg.
1592 816 1681 859 Ecl.
1709 816 1761 858 X.
1804 807 1806 809 ¹

270 899 327 938 51
349 913 357 939 :
391 896 623 939 «Carmina
647 897 840 951 pastoris
867 895 1004 938 Siculi
1030 894 1294 936 modulabor
1310 907 1474 936 avena»
1503 896 1546 935 et
1564 893 1638 935 Ov.
1658 892 1761 934 Met.
1807 898 1813 908 ·

270 972 325 1015 «Χ.
360 975 467 1016 154:
513 974 592 1015 «Et
616 974 711 1015 leve
751 975 896 1014 cerata
933 971 1191 1014 modulatur
1216 971 1433 1013 arundine
1460 983 1679 1013 carmen».
1706 994 1765 998 —

272 1054 337 1093 cst
363 1050 636 1102 modulatus,
664 1050 825 1092 cecinit
849 1049 992 1090 modis
1019 1049 1148 1090 certis
1172 1061 1383 1089 sonorum
1408 1048 1558 1101 itaque
1583 1049 1764 1088 cantum

272 1128 394 1170 tibiae
421 1128 607 1170 invenit.
635 1153 693 1156 —-
719 1139 878 1176 avena,
905 1127 1016 1168 tibia
1043 1139 1095 1167 ex
1111 1127 1283 1167 calamo
1302 1126 1430 1176 facta,
1458 1119 1653 1178 ut'Verg.
1673 1124 1762 1166 Ecl.

280 1208 313 1255 1,
346 1207 397 1248 2:
431 1204 712 1247 «Silvestrem
738 1205 866 1246 tenui
906 1201 1080 1245 Musam
1112 1202 1341 1244 meditaris
1381 1215 1545 1244 avena»
1591 1205 1635 1243 et
1659 1201 1762 1243 ibid.

281 1284 313 1331 1,
351 1283 427 1324 10:
461 1280 667 1330 «Ludere,
698 1294 792 1334 quae
819 1280 993 1330 vellem,
1030 1279 1201 1320 calamo
1238 1278 1442 1332 permisit
1481 1279 1683 1331 agresti».
1707 1302 1766 1306 ψ

274 1361 326 1401 ut
355 1360 539 1401 ornatos
562 1357 726 1400 diceret
754 1358 858 1399 ante
890 1356 1008 1405 deos,
1037 1359 1087 1397 ut
1113 1355 1183 1397 die
1222 1356 1335 1397 festo
1373 1358 1552 1396 caneret
1580 1358 1682 1396 ante
1709 1356 1765 1396 si-

273 1436 472 1477 mulacra
498 1435 683 1476 deorum
709 1434 885 1475 coronis
925 1435 1105 1482 ornata3
1146 1433 1197 1473 of.
1226 1432 1343 1473 infra
1367 1445 1452 1474 ves,
1493 1433 1680 1473 59—60.
1708 1457 1766 1459 —

274 1509 449 1562 diceret,
479 1525 571 1552 non
599 1524 672 1552 ore
691 1524 783 1559 suo,
809 1509 886 1552 sed
909 1524 1047 1552 avena
1061 1525 1071 1560 ;
1101 1509 1246 1552 dicere
1264 1509 1384 1550 enim
1402 1510 1536 1550 etiam
1561 1509 1615 1550 de
1633 1512 1765 1551 cantu

274 1589 677 1629 instrumentorum
723 1587 994 1629 musicorum
1040 1588 1292 1640 usurpatur,
1339 1588 1388 1627 ut
1425 1585 1573 1640 Veget.
1616 1586 1682 1627 De
1721 1600 1765 1627 re

274 1666 403 1707 milit.
434 1667 472 1715 Ξ,
502 1667 581 1707 22:
616 1665 873 1707 «classicum
913 1663 1174 1718 appellatur,
1217 1663 1335 1716 quod
1374 1663 1657 1704 bucinatores
1688 1677 1768 1717 per

274 1756 414 1784 cornu
440 1742 634 1784 dicunt».

336 1820 384 1862 V.
414 1821 601 1862 55—60.
631 1817 848 1874 Ayricola
875 1819 916 1859 ct
939 1817 1084 1860 minio
1112 1819 1205 1866 etc,
1231 1817 1387 1858 alludit
1413 1816 1469 1857 ad
1494 1817 1557 1857 rei
1584 1816 1766 1858 scenioae

276 1896 530 1951 primordia.
576 1922 633 1924 ffl
674 1895 818 1937 minio
861 1895 1073 1950 suffusus,
1121 1892 1310 1943 Bacche,
1363 1892 1554 1942 rubenti,
1599 1894 1766 1933 actores

278 1974 411 2026 primi
438 1974 550 2014 festo
577 1972 739 2013 Bacchi
753 1985 847 2013 non
860 1971 1065 2024 personis
1078 1971 1328 2020 utebantur,
1348 1969 1425 2011 sed
1437 1968 1680 2023 pingebant
1692 1981 1768 2010 ora

278 2051 382 2091 faeee
396 2051 503 2100 vini,
521 2063 697 2091 cerussa
712 2051 789 2090 aut
802 2049 1030 2102 portulaca
1041 2062 1051 2097 ;
1068 2048 1118 2089 cf.
1135 2046 1241 2089 Hor.
1258 2047 1305 2088 A.
1322 2047 1366 2088 P.
1384 2047 1438 2087 27
1444 2046 1469 2086 6
1486 2061 1495 2087 :
1520 2044 1715 2085 «Dicitur
1726 2048 1768 2086 et

277 2128 489 2180 plaustris
506 2127 676 2169 vexisse
693 2129 899 2179 poemata
925 2125 1122 2178 Thespis,
1151 2123 1255 2175 Quae
1274 2125 1484 2164 canerent
1502 2122 1767 2175 agerentque

278 2203 481 2255 peruncti
514 2202 694 2243 faeeibus
722 2216 820 2243 ora»
854 2205 896 2243 et
924 2201 1069 2243 Schol.
1101 2202 1154 2242 ad
1183 2200 1405 2253 Aristoph.
1434 2197 1620 2239 Acharn.
1655 2198 1766 2239 499:

277 2278 348 2319 διὰ
385 2282 429 2320 τὸ
469 2281 523 2335 μὴ
565 2278 685 2320 ὄντων
722 2281 985 2333 προσωπείων
1028 2281 1097 2334 τὴν
1139 2276 1273 2333 ἀρχὴν
1310 2277 1421 2330 τρυγὶ
1459 2275 1657 2330 χρίεσθαι
1694 2275 1766 2320 τὰς

277 2355 418 2411 ὄψεις;
459 2354 579 2396 Sujd.
620 2369 653 2396 s,
692 2369 731 2396 V.
771 2355 946 2401 Θέσπιςε
985 2362 1140 2408 πρῶτον
1181 2356 1252 2409 μὲν
1284 2355 1434 2409 χρίσας
1473 2354 1516 2392 τὸ
1555 2353 1767 2407 πρόσωπον

276 2434 461 2488 ψιμυθίῳ
490 2431 785 2489 ἐτραγῴδησεν,
814 2429 902 2473 εἶτα
931 2430 1142 2487 ἀνδράχνῃ
1170 2429 1396 2472 ἐσκέπασεν
1416 2428 1457 2470 ἐν
1474 2435 1528 2483 τῷ
1547 2427 1766 2470 ἐπιδείκνυ-

277 2511 384 2550 σθαι
408 2510 479 2551 κοιὶ
507 2512 611 2564 μετὰ
636 2515 760 2550 ταῦτα
788 2507 996 2565 εἰσήνεγκε
1023 2510 1094 2549 καὶ
1120 2514 1196 2548 τῶν
1223 2507 1483 2560 προσωπείων
1509 2511 1670 2560 χρῆσιν.
1698 2503 1766 2544 Ti-

279 2587 427 2628 bullus
454 2587 644 2627 minium
671 2589 1000 2633 commemorat,
1036 2585 1138 2638 quia
1166 2583 1282 2637 apud
1306 2583 1533 2624 Romanos
1560 2580 1766 2633 antiquos

277 2663 435 2704 diebus
462 2660 586 2704 festis
614 2662 844 2702 sollemnis
873 2664 966 2702 erat
991 2661 1119 2702 minii
1145 2674 1264 2710 usus,
1296 2672 1380 2712 quo
1400 2658 1534 2699 etiam
1551 2655 1767 2709 imagines

278 2738 463 2781 deorum
488 2738 801 2786 illinebantur;
833 2739 898 2779 cf..
940 2738 1051 2778 Plin.
1096 2737 1144 2778 N.
1186 2736 1241 2778 H.
1285 2733 1487 2776 XXXIII.
1538 2734 1611 2774 111
1634 2748 1644 2774 z
1692 2732 1768 2773 «In
