1942 3132
729 249 788 280 m
807 249 856 280 11.
879 248 914 287 6,
938 247 1105 280 85—44.
1601 238 1671 272 255

169 367 274 409 vino
314 369 358 410 et
393 367 526 410 melle
563 368 845 416 constantes:
884 367 939 409 cf.
978 365 1138 409 catull.
1185 368 1283 419 101,
1326 368 1466 410 7—8:
1499 369 1669 423 «prisco

170 449 255 499 que
294 457 418 486 more
458 445 694 498 parentum
724 442 903 485 Tradita
943 445 1050 485 sunt
1088 443 1240 485 tristes
1280 457 1468 486 munera
1509 445 1563 487 ad
1601 445 1669 486 in-

172 521 347 563 ferias».
373 545 432 549 —
456 518 591 563 Illius
618 518 681 563 ad
705 519 934 562 tumulum
972 518 1155 575 fuqiam
1182 520 1465 576 supplexque
1492 519 1670 574 sedebo,

169 600 219 639 ut
244 597 359 640 servi
385 610 412 639 a
435 595 631 639 dominis
655 596 772 638 male
798 596 939 638 habiti
977 596 1033 639 ad
1070 610 1169 639 aras
1208 596 1391 639 deorum
1429 598 1668 651 confugere

170 675 319 730 ibique
343 688 468 717 more
494 674 745 729 supplicum
773 674 924 717 sedere
952 675 1123 724 solent;
1162 675 1214 716 cf.
1242 675 1360 716 infra
1385 674 1458 717 IV.
1490 675 1556 725 13,
1586 676 1667 717 ⁶23:

177 750 286 795 «Sed
309 749 495 793 Veneris
521 753 684 793 sanctae
710 750 940 793 considam
961 751 1136 793 vinctus
1163 750 1220 793 ad
1245 764 1387 793 aras».
1406 776 1464 780 —
1482 749 1539 794 Et
1565 763 1668 794 mea

160 836 275 871 'cum
297 830 424 871 muto
461 827 563 884 fata
588 840 759 885 querar
793 829 956 883 cinere,
981 829 1034 870 cf.
1064 827 1224 871 Catull.
1255 830 1352 880 101,
1379 830 1431 871 4:
1466 828 1546 870 «Et
1570 843 1667 871 mu-

169 910 260 948 tam
306 905 577 960 nequiquam
622 905 872 960 alloquerer
913 906 1152 948 cinerem».
1185 931 1244 934 —
1274 918 1380 948 cum
1424 907 1550 949 muto
1578 941 1586 948 .
1614 939 1625 949 .
1654 941 1663 948 .

167 982 330 1037 cincre,
354 995 501 1024 coram
526 984 713 1024 mortua.

226 1058 276 1102 V.
311 1060 499 1102 35—40.
542 1059 765 1113 clientem,
805 1059 882 1114 qui
921 1059 1072 1101 tutelae
1115 1060 1211 1101 eius
1252 1073 1298 1102 se
1339 1060 1582 1102 mandavit.
1608 1085 1667 1089 -—-

167 1133 301 1180 Illius
337 1139 389 1180 ut
425 1136 590 1190 verbis,
614 1140 840 1191 tamquam
878 1136 1001 1179 illius
1039 1137 1223 1179 nomine
1239 1152 1250 1187 ;
1276 1139 1329 1180 cf.
1358 1137 1452 1179 Liv.
1479 1137 1555 1180 IX.
1584 1139 1666 1180 36:

173 1213 390 1268 «quinque
426 1213 561 1267 legati
586 1246 596 1255 .
627 1246 637 1255 .
665 1246 675 1255 .
702 1216 923 1256 venerunt
959 1213 1272 1256 denuntiatum
1304 1214 1443 1256 Fabio
1482 1217 1666 1257 senatus

167 1290 326 1340 verbis,
353 1303 410 1332 ne
449 1291 613 1332 saltum
645 1289 888 1333 Ciminium
927 1292 1180 1334 transiret».
1210 1317 1268 1321 —
1292 1292 1355 1335 sis
1379 1291 1496 1335 mihi
1529 1292 1666 1347 lenta,

166 1369 279 1421 veto,
320 1367 417 1409 sine
459 1367 787 1417 coniunctione,
830 1370 880 1410 ut
919 1368 1028 1411 Hor.
1072 1368 1215 1411 Carm.
1256 1368 1335 1410 111.
1379 1370 1418 1418 2,
1462 1371 1664 1412 26—28:

170 1444 365 1494 «vetabo,
394 1445 469 1500 qui
495 1443 668 1488 Cereris
695 1458 869 1488 sacrum
891 1445 1092 1500 Volgarit
1117 1460 1302 1496 arcanae‚
1331 1447 1413 1489 sub
1439 1447 1581 1490 isdem
1608 1448 1666 1490 sit

165 1521 409 1564 trabibus».
435 1520 638 1564 Conferri
676 1524 824 1577 potest
863 1536 998 1577 supra
1035 1523 1068 1564 I.
1098 1525 1137 1572 2,
1166 1525 1276 1566 2522:
1310 1523 1422 1565 «Nec
1461 1524 1569 1566 sinit
1595 1538 1664 1566 oc-

164 1602 313 1640 currat
333 1599 612 1654 quisquam».
638 1624 698 1628 -
722 1598 838 1642 mihi
877 1599 1016 1655 lenta,
1040 1600 1246 1655 precibus
1282 1601 1396 1643 meis
1427 1614 1520 1643 non
1547 1615 1662 1644 com·

165 1678 296 1726 mota
325 1679 376 1719 ut
400 1676 528 1731 Prop.
556 1676 614 1719 H.
645 1678 710 1725 14,
744 1678 822 1719 14:
856 1677 967 1719 «Nec
993 1677 1106 1719 mihi
1131 1678 1327 1732 ploranti
1365 1679 1488 1721 lenta
1514 1679 1664 1722 sedere

166 1754 356 1806 potest».
382 1778 440 1782 ——
472 1754 659 1811 ncqlecti
677 1788 685 1796 .
706 1788 715 1796 .
737 1788 745 1796 .
767 1752 941 1806 Manes,
968 1754 1121 1796 anima
1148 1755 1324 1806 sororis,
1355 1756 1480 1798 cuius
1506 1757 1665 1799 volun-

168 1830 306 1872 tatem
329 1829 576 1884 neglexisti.
599 1855 658 1859 --
682 1830 868 1873 mittant
890 1830 1020 1873 mala
1045 1830 1233 1874 somnia
1259 1830 1436 1886 Manes,
1460 1836 1510 1874 ut
1535 1833 1664 1888 Verg.

165 1904 362 1947 Aen.VL
377 1906 489 1948 896:
511 1906 647 1947 «falsa
668 1905 725 1947 ad
749 1907 907 1948 caelum
932 1907 1119 1949 mittunt
1143 1907 1371 1950 insomnia
1390 1908 1590 1951 Manes».
1606 1934 1665 1938 —

166 1982 252 2024 stet
291 1993 422 2025 soror
458 1986 562 2025 ante
606 1984 772 2037 torum,
807 1986 857 2024 ut
882 1981 959 2025 Ov.
986 1983 1105 2026 Fast.
1144 1983 1223 2025 ΙΙΙ.
1252 1985 1513 2028 639—640:
1547 1986 1666 2028 «Nox

166 2061 283 2100 erat:
323 2062 426 2101 ante
464 2061 611 2102 torum
636 2059 731 2101 visa
769 2063 836 2102 est
873 2059 1050 2102 adstare
1089 2061 1254 2103 sororis
1292 2060 1524 2117 Squalenti
1547 2061 1664 2105 Dido

166 2136 512 2190 sanguinolenta
551 2150 721 2180 coma».
748 2162 807 2166 —
838 2136 1001 2190 Qualis
1041 2137 1100 2181 ab
1140 2138 1319 2182 eoecelsa
1361 2142 1455 2190 etc„
1497 2141 1663 2183 mortui

166 2226 282 2268 saepe
321 2226 372 2255 eo
410 2213 567 2256 habitu
605 2219 834 2269 apparent,
873 2229 960 2271 quo
998 2216 1089 2258 vita
1127 2220 1420 2268 excesserunt,
1459 2222 1510 2261 ut
1534 2218 1662 2273 Verg.

164 2285 276 2331 Aen.
300 2289 335 2331 L
365 2291 463 2332 353.
489 2288 698 2345 Sychaeus
713 2291 891 2342 Didoni,
918 2291 1024 2334 ibid.
1041 2291 1098 2335 11.
1120 2293 1216 2336 170.
1234 2293 1402 2336 Hector
1416 2294 1589 2337 Aeneae.
1605 2319 1664 2324 ——-

163 2365 370 2423 infernos
395 2400 404 2409 .
434 2401 442 2409 .
472 2400 481 2409 .
513 2367 656 2424 lacus,
680 2372 732 2411 ut
754 2369 883 2424 Prop.
907 2369 965 2412 IL
994 2371 1063 2420 28,
1092 2372 1172 2421 42;
1214 2372 1267 2414 cf.
1295 2371 1397 2414 adn.
1436 2386 1571 2427 supra
1608 2372 1663 2414 ad

163 2443 199 2485 L
229 2445 293 2495 10,
325 2446 405 2487 38:
438 2444 518 2487 «ad
543 2446 754 2489 obscuros
778 2447 946 2491 lacus».

223 2521 272 2564 V.
300 2523 490 2565 41—-44.
517 2520 706 2578 Desino,
730 2524 890 2567 ultima
921 2525 1093 2580 syllaba
1130 2530 1342 2581 correpta,
1371 2528 1424 2568 ut
1449 2525 1526 2568 Ov.
1553 2526 1660 2568 Her.

168 2599 233 2649 18,
274 2600 385 2641 203:
419 2598 622 2650 «Desino,
665 2614 796 2655 parce
837 2603 1004 2656 queri».
1032 2628 1087 2632 —
1115 2600 1221 2645 Non
1260 2616 1340 2659 eqo
1383 2616 1490 2646 sum
1530 2603 1663 2655 tanti,

162 2675 307 2730 ploret
346 2677 396 2718 ut
437 2675 523 2718 illa
563 2676 713 2726 semel,
755 2681 806 2720 ut
831 2677 909 2721 Ov.
947 2679 1053 2722 Her.
1082 2681 1119 2730 7,
1157 2682 1241 2723 45:
1275 2680 1396 2723 «Non
1440 2694 1519 2735 ego
1562 2694 1660 2722 sum

164 2752 301 2794 tanti·
333 2756 376 2794 et
402 2752 531 2795 Trist.
557 2753 614 2796 Π.
642 2755 753 2796 209:
786 2755 922 2798 «Nam
958 2769 1051 2798 non
1084 2771 1184 2799 sum
1221 2757 1346 2806 tanti,
1375 2759 1426 2798 ut
1451 2769 1660 2798 renovem
