1942 3132
291 215 359 249 278
848 232 902 260 AD
924 233 971 261 11.
996 230 1029 269 5,
1053 230 1219 261 33—38.

291 347 523 388 Vertumni
539 363 547 388 :
570 345 739 401 «Stipes
753 361 936 389 acernus
953 362 1071 389 eram
1087 349 1344 402 properanti
1359 350 1469 390 falce
1485 349 1700 391 dolatus».
1716 375 1775 380 ——

291 423 461 478 ayresti
488 457 495 464 .
526 457 533 464 .
566 457 572 464 .
602 423 731 479 falce,
772 425 947 478 qualem
986 427 1178 478 agrestes
1216 426 1392 467 habent.
1419 451 1477 454 ——
1517 425 1772 469 Pendebat-

291 512 376 556 que
415 500 520 555 vayi
554 500 757 554 pastoris
798 501 848 543 in
889 501 1051 543 arbore
1091 502 1244 543 votum
1271 536 1278 543 .
1309 536 1317 543 .
1348 536 1356 544 .
1385 502 1557 557 fistula,
1581 502 1776 545 fistulam

291 589 371 629 pro
399 575 514 617 dono
546 578 694 618 votivo
719 577 828 620 Pani
853 579 902 620 in
928 579 1081 620 arbore
1108 579 1376 632 suspendere
1404 580 1604 621 solebant
1628 582 1775 633 pasto-

292 665 373 701 res,
402 654 451 693 ut
476 652 601 706 Verg.
629 653 717 695 Ecl.
748 655 786 704 7,
816 656 896 696 24:
930 654 1038 695 «Hic
1064 657 1218 708 arguta
1245 668 1365 696 sacra
1394 655 1604 709 pendebit
1628 655 1777 697 fistula

292 729 443 781 pinu».
471 753 529 756 —
554 728 660 785 vagi
695 730 910 784 pastoris,
934 732 982 771 in
1009 732 1131 772 silvis
1171 734 1214 772 et
1250 732 1475 772 montibus
1514 745 1613 773 cum
1649 745 1776 785 grege

294 806 491 847 errantis.
507 830 564 833 —
581 805 631 848 in
656 806 831 860 arbore,
857 808 903 848 in
920 808 1022 849 ilice
1038 821 1171 862 supra
1184 821 1245 849 vs,
1266 809 1333 849 27.
1350 811 1704 850 commemorata.
1719 829 1778 837 —

291 884 460 937 votum,
486 883 652 924 donum
678 884 886 933 votivum,
916 887 964 926 ut
988 885 1116 938 Prop.
1143 885 1213 926 IV.
1245 886 1282 934 3,
1315 886 1390 926 17:
1425 884 1664 927 «Omnibus
1689 886 1778 927 heu

292 960 432 1012 portis
469 959 666 1013 pendent
702 974 801 1001 mea
838 961 969 1002 noxia
1000 964 1142 1002 vota».
1171 986 1229 989 —
1260 958 1463 1003 Garrula
1489 995 1497 1002 .
1528 995 1536 1002 .
1567 995 1574 1003 .
1604 961 1777 1018 fistula,

293 1038 343 1076 ut
367 1036 493 1089 Verg.
520 1036 609 1078 Ecl.
640 1038 677 1086 7,
706 1039 786 1079 24:
821 1040 998 1091 «arguta
1029 1037 1200 1079 fistula»
1233 1039 1276 1079 et
1312 1037 1446 1091 Lygd.
1475 1039 1515 1086 4,
1545 1039 1624 1080 38:
1658 1051 1777 1092 «gar—

292 1114 390 1154 rula
438 1114 574 1166 lyra».
613 1138 671 1141 —
707 1114 936 1156 silvestri.
968 1148 975 1155 .
1007 1149 1014 1156 .
1052 1127 1186 1157 saera
1235 1113 1332 1169 deo,
1380 1115 1504 1166 Pani,
1554 1114 1776 1156 inventori

293 1189 475 1239 fistulae3
518 1191 570 1231 cf.
609 1190 734 1244 Verg.
777 1191 864 1232 Ecl.
910 1193 947 1240 2,
993 1193 1189 1232 32—33:
1224 1191 1337 1232 «Pan
1378 1191 1546 1245 primus
1588 1192 1780 1233 calamos

294 1280 392 1308 cera
418 1267 684 1321 coniungere
723 1269 872 1322 plures
909 1269 1152 1310 Instituit».
1179 1293 1237 1296 —
1266 1267 1457 1323 Fistula,
1495 1268 1566 1310 cui
1605 1280 1781 1323 semper

293 1342 506 1386 decrescit
532 1344 776 1388 arundinis
808 1344 933 1400 ordo,
960 1346 1096 1400 σύριγξ
1123 1360 1172 1387 ex
1199 1349 1368 1399 septem
1393 1345 1640 1399 disparibus
1667 1346 1778 1386 cala-

293 1422 379 1463 mis
406 1424 612 1464 constans
628 1437 638 1471 3
667 1424 718 1464 cf.
746 1423 872 1477 Verg.
901 1423 989 1464 Ecl.
1020 1425 1058 1472 2,
1088 1424 1285 1465 36—37:
1320 1422 1421 1463 «Est
1445 1423 1557 1464 mihi
1595 1422 1778 1475 dispari-

294 1499 375 1540 bus
417 1501 586 1552 septem
627 1503 853 1554 compacta
894 1500 1047 1541 cicutis
1088 1500 1283 1541 Fistula»
1322 1501 1364 1541 et
1401 1499 1476 1541 Ov.
1516 1499 1619 1540 Met,
1660 1499 1775 1541 VIIL

298 1577 551 1618 189—192:
586 1590 714 1618 «nam
739 1577 866 1630 ponit
891 1577 938 1617 in
966 1576 1118 1618 ordine
1144 1589 1315 1630 pennas
1336 1576 1572 1617 Aminima
1597 1578 1776 1630 coeptas,

293 1653 474 1707 longam
523 1654 720 1696 breviore
772 1655 985 1708 sequenti,
1028 1654 1087 1696 Ut
1127 1654 1238 1695 clivo
1289 1655 1477 1695 crevisse
1526 1656 1679 1707 putes:
1719 1655 1781 1695 sic

294 1731 456 1771 rustica
498 1730 721 1783 quondam
760 1730 931 1772 Fistula
974 1730 1222 1784 disparibus
1263 1730 1479 1784 paulatim
1518 1730 1657 1783 surgit
1680 1743 1781 1772 ave-

295 1807 406 1848 nis».
435 1831 493 1834 —
519 1805 723 1848 calamus
748 1819 852 1849 cera
888 1806 1109 1862 iunyitur,
1144 1809 1194 1847 ut
1218 1806 1345 1860 Verg.
1384 1806 1472 1847 Ecl.
1515 1808 1553 1856 3,
1581 1807 1780 1848 25—26:

303 1883 473 1924 «fistula
511 1896 609 1924 cera
647 1883 826 1925 Iuncta»
860 1886 902 1924 et
929 1882 1003 1925 Ov.
1032 1883 1136 1924 Met.
1164 1883 1197 1924 I.
1227 1883 1484 1925 711—712:
1516 1883 1679 1937 «Atque
1717 1883 1781 1925 ita

296 1955 544 2014 disparibus
572 1961 754 2002 calamis
781 1961 1040 2015 compagine
1067 1974 1175 2002 cerae
1201 1961 1324 2002 Inter
1350 1974 1395 2002 se
1421 1961 1627 2002 iunctis».

354 2037 403 2079 V.
446 2037 632 2079 33—38.
675 2035 749 2090 At,
790 2049 882 2092 qua
915 2035 1097 2078 Velabri
1141 2036 1264 2092 reyio
1309 2038 1451 2092 patet,
1495 2035 1561 2078 ire
1607 2036 1780 2080 solebat

298 2113 506 2169 Eoeiquus
526 2113 668 2168 pulsa
698 2126 778 2168 per
812 2112 932 2156 vada
971 2113 1105 2155 linter
1140 2126 1280 2168 aqua,
1305 2113 1542 2154 Velabrum
1570 2116 1664 2154 erat
1687 2113 1780 2167 pla-

296 2190 430 2232 nities
454 2191 571 2231 inter
608 2192 783 2231 montes
810 2189 1125 2244 Capitolinum,
1153 2189 1404 2231 Palatinum
1431 2190 1474 2230 et
1497 2189 1779 2241 Aventinum,

297 2268 345 2308 in
384 2281 514 2320 quam
559 2268 664 2308 olim
707 2281 821 2322 saepe
863 2267 1110 2309 exundabat
1150 2266 1342 2315 Tiberis;
1386 2268 1436 2308 cf.
1479 2266 1605 2320 Prop.
1639 2266 1710 2308 IV.
1740 2268 1778 2317 2,

298 2346 437 2387 7—8:
472 2344 590 2386 «Hac
617 2345 838 2399 quondam
878 2345 1107 2387 Tiberinus
1145 2345 1229 2385 iter
1265 2344 1454 2385 faciebat
1481 2346 1523 2384 et
1549 2344 1675 2385 aiunt
1698 2343 1780 2386 Re-

297 2434 470 2463 morum
518 2421 691 2463 auditos
736 2435 814 2474 per
850 2421 962 2462 vada
1006 2421 1136 2474 pulsa
1182 2434 1339 2462 sonos»
1371 2422 1415 2461 et
1450 2419 1521 2462 IV.
1562 2422 1602 2471 9,
1640 2421 1780 2462 5—6:

305 2497 424 2548 «Qua
449 2497 638 2539 Velabra
675 2511 755 2538 suo
795 2497 1060 2551 stagnabant
1095 2496 1278 2538 flumine
1317 2509 1487 2550 quaque
1524 2495 1668 2537 Nauta
1704 2509 1783 2549 per

298 2573 490 2614 urbanas
527 2573 777 2615 velificabat
815 2588 975 2628 aquas»
985 2589 995 2623 ;
1023 2573 1097 2616 Ov.
1125 2573 1244 2615 Fast.
1271 2573 1342 2615 VI.
1370 2573 1629 2614 405—406:
1662 2572 1781 2624 «Qua

298 2649 486 2691 Velabra
512 2649 657 2690 solent
681 2650 729 2690 in
755 2649 919 2690 circum
946 2650 1102 2691 ducere
1127 2662 1328 2703 pompas,
1346 2648 1419 2690 Nil
1443 2650 1601 2702 praeter
1626 2646 1781 2689 salices

299 2740 509 2780 cassaque
551 2739 693 2767 canna
733 2726 857 2767 fuit».
885 2750 943 2754 —-—
974 2727 1115 2781 patet,
1156 2726 1414 2767 extenditur.
1442 2749 1499 2753 —-—
1524 2724 1666 2779 pulsa
1694 2756 1704 2766 .
1731 2758 1739 2766 .
1769 2757 1778 2766 .
