1942 3132
334 210 403 245 336
932 227 1148 256 Exomzsus
1169 227 1226 256 1x.

496 341 584 379 Illic
611 341 778 380 indocto
807 343 984 392 primum
1015 356 1057 381 se
1087 343 1267 381 exercuit
1297 356 1414 382 arcu:

549 411 629 450 Hei
657 413 773 458 mihi,
805 425 925 462 quam
955 413 1094 452 doctas
1123 426 1233 452 nunc
1262 413 1385 453 habet
1411 415 1480 453 ille
1509 418 1679 454 manus!

337 572 608 625 Quibuscum
633 571 831 614 versibus
858 572 1155 626 comparanda
1188 574 1254 613 est
1279 573 1440 614 similis
1467 572 1677 627 digressio
1703 573 1759 616 ΙΙ.
1783 576 1823 625 5,

341 649 584 695 101—112‚
612 648 688 689 ubi
715 662 740 689 a
777 647 1071 701 descriptione
1110 648 1324 688 festorum
1362 649 1628 690 rusticorum
1664 650 1825 692 transit

337 725 393 766 ad
417 724 534 766 rixas
560 725 806 766 amantium
822 721 841 765 ε’

499 820 664 868 Ingeret
691 820 760 858 hic
788 821 920 869 potus*
937 819 1097 857 iuvenis
1125 818 1344 857 maledicta
1371 818 1527 867 puelIae,

551 890 647 929 Post
675 889 797 928 modo
827 902 914 939 quae
943 889 1049 927 votis
1078 889 1195 927 irrita
1224 889 1331 927 facta
1359 888 1467 927 velit.

498 962 601 1000 Nam
631 961 739 1000 ferus
767 961 835 1000 ille
865 974 946 999 suae
975 960 1153 1010 plorabit
1181 960 1340 999 sobrius
1367 960 1480 999 idem

550 1033 603 1070 Et
631 1045 673 1070 se
701 1032 852 1071 iurabit
880 1033 1017 1070 mente
1046 1031 1169 1069 fuisse
1199 1031 1318 1069 mala.

500 1104 602 1142 Pace
631 1105 702 1141 tua
730 1104 901 1152 pereant
930 1115 1045 1140 arcus
1074 1104 1321 1152 pereantque
1352 1103 1519 1151 sagittae,

550 1173 712 1219 Phoebe,
743 1173 864 1212 modo
892 1173 938 1210 in
966 1173 1086 1210 terris
1115 1175 1222 1211 erret
1247 1173 1421 1211 inermis
1448 1173 1587 1211 Amor.

498 1244 574 1282 Ars
602 1243 734 1282 bona:
765 1243 835 1281 sed
863 1244 1079 1293 postquam
1108 1244 1284 1292 sumpsit
1312 1243 1390 1281 sibi
1418 1243 1499 1280 tela
1527 1242 1696 1292 Cupido,

550 1315 642 1352 Heu
670 1314 751 1352 heu
781 1327 902 1364 quam
930 1314 1072 1352 multis
1101 1327 1166 1352 ars
1195 1314 1307 1352 dedit
1335 1315 1416 1352 ista
1444 1314 1621 1352 malum!

496 1384 550 1422 Et
579 1385 682 1422 mihi
711 1385 924 1434 praecipue.
955 1384 1074 1423 Iaceo
1105 1397 1197 1423 cum
1227 1385 1384 1423 saueius
1414 1397 1568 1422 annum

551 1457 604 1494 Et
632 1456 747 1495 faveo
778 1455 931 1501 morbo,
961 1454 1054 1494 cum
1081 1456 1195 1493 iuvat
1222 1456 1310 1505 ipse
1339 1455 1465 1500 dolor,

500 1527 635 1576 Usque
665 1539 767 1565 cano
796 1527 1030 1572 Nemesims
1048 1527 1135 1565 sine
1166 1539 1244 1577 qua
1271 1539 1411 1565 versus
1439 1526 1544 1563 mihi
1573 1525 1707 1564 nullus

552 1596 686 1635 Verba
714 1599 849 1646 potest
875 1598 1004 1636 iustos
1034 1599 1103 1635 aut
1130 1597 1307 1647 reperire
1337 1597 1469 1646 pedes.

280 1733 286 1737 -
339 1711 472 1754 Vides
499 1713 589 1752 iam
616 1711 879 1753 discrimen:
906 1712 954 1752 in
974 1711 1132 1766 prima
1157 1712 1401 1765 generatim
1428 1710 1479 1752 de
1508 1724 1657 1752 amore
1688 1710 1828 1764 loqui-

339 1791 423 1838 tur,
452 1789 500 1829 in
527 1788 690 1842 quinta
716 1789 994 1829 occasionem
1021 1791 1149 1829 nacta
1173 1788 1228 1829 ad
1249 1788 1473 1830 Nemesim
1495 1788 1654 1829 transit
1669 1803 1679 1837 ;
1704 1802 1755 1829 ex
1776 1801 1828 1830 eo

339 1866 486 1919 igitur,
515 1865 632 1918 quod
657 1867 704 1906 in
730 1865 875 1918 prima
899 1865 1071 1906 nullam
1098 1866 1202 1906 facit
1234 1865 1298 1906 des
1322 1866 1360 1907 N
1364 1866 1500 1907 emesi
1538 1866 1825 1915 mentionem,

341 1942 527 1995 elegiam
555 1941 669 1982 hanc
696 1943 798 1982 ante
832 1955 1018 1995 regnum
1056 1941 1256 1983 Nemesis
1296 1942 1503 1995 scriptam
1543 1955 1638 1983 esse
1674 1942 1827 1984 verisi-

339 2018 443 2060 mile
469 2017 530 2058 fit.

398 2093 519 2135 Inter
545 2093 708 2146 elegias
734 2093 912 2135 Nemesi
940 2098 1130 2135 sacratas
1164 2094 1473 2148 antiquissima
1509 2095 1619 2137 mihi
1657 2095 1830 2137 videtur

343 2172 523 2226 quarta,
553 2184 602 2211 ex
629 2170 753 2212 cuius
779 2171 908 2212 initio
937 2172 1080 2223 elucet
1104 2185 1270 2213 novum
1297 2186 1391 2214 esse
1420 2172 1562 2213 adhuc
1593 2174 1722 2226 atque
1760 2155 1832 2213 in-‘r

343 2247 524 2289 solitum
551 2250 692 2300 poetae
720 2249 960 2298 servitium,
988 2250 1036 2290 in
1063 2249 1181 2303 quod
1207 2249 1361 2290 incidit
1386 2251 1487 2301 (vss.
1519 2250 1685 2301 1—4.):

500 2370 580 2408 Hic
608 2370 712 2409 mihi
743 2372 956 2409 servitium
984 2371 1103 2410 video
1134 2372 1424 2420 dominamque
1453 2372 1664 2421 paratam:

554 2441 641 2479 Iam
670 2442 775 2479 mihi
804 2442 971 2481 libertas
997 2443 1070 2480 illa
1097 2444 1271 2492 paterna
1297 2442 1398 2480 vale.

503 2511 723 2550 Servitium
752 2512 822 2551 sed
850 2514 966 2551 triste
996 2513 1114 2551 datur
1142 2514 1362 2562 teneorque
1392 2513 1545 2551 catenis

554 2582 606 2620 Et
634 2595 845 2631 nunquam
875 2584 1024 2622 misero
1052 2584 1187 2622 vincla
1215 2584 1390 2621 remittit
1409 2595 1544 2622 «amor.

341 2706 440 2748 Hoc
465 2687 658 2748 carmine
684 2709 816 2760 poeta
842 2707 1063 2757 Nemesin,
1098 2707 1294 2762 puellam
1333 2721 1508 2749 avaram
1546 2708 1621 2761 (vsa
1665 2707 1748 2758 14.)
1785 2709 1827 2748 et
