1942 3132
306 214 376 248 276
866 228 921 256 AD
941 228 989 256 11.
1013 225 1046 265 5,
1072 224 1236 255 17—22.

306 346 411 387 Met.
439 345 533 387 VH.
561 346 819 387 600———6012
852 344 1008 386 «Fibra
1034 356 1205 397 quoque
1232 355 1348 396 aegra
1372 344 1502 383 notas
1532 340 1623 383 veri
1649 341 1791 383 moni·

307 424 467 476 tusque
505 421 688 462 deorum
725 420 1023 462 Prodiderat».
1051 444 1109 448 —
1135 417 1330 473 Sibylla,
1356 416 1579 467 Cumana;
1608 418 1660 459 cf,
1686 416 1793 459 Var-

309 498 430 540 ronis
468 497 601 539 verba
638 497 755 551 apud
790 497 991 539 Lactant.
1029 496 1126 537 Div.
1155 495 1262 536 Inst.
1290 494 1325 536 1.
1354 495 1392 543 6,
1426 495 1502 536 1οε
1536 493 1795 547 «septimam

309 574 554 628 (Sibyllam)
594 572 838 616 Cumanam
863 606 873 615 .
902 605 911 615 .
940 605 949 614 .
986 585 1171 625 eamque
1212 583 1374 613 novem
1413 569 1551 612 libros
1592 569 1794 611 attulisse

311 652 365 693 ad
389 663 537 703 regem
562 649 848 703 Tarquinium
872 649 1070 690 Priscum
1096 661 1147 689 ac
1171 661 1251 700 pro
1288 647 1346 688 iis
1382 649 1604 688 trecentos
1629 646 1795 699 Philip-

308 741 417 782 peos
441 727 689 782 postulasse
715 739 948 780 regemque
976 727 1262 780 aspernatum
1288 724 1420 777 pretii
1444 722 1797 777 magnitudinem

251 862 255 865 ¹
299 804 516 858 *derisisse
552 803 751 845 mulieris
788 803 1037 851 insaniam3
1063 802 1190 843 illam
1227 802 1276 842 in
1313 802 1553 854 conspectu
1576 800 1692 853 regis
1716 799 1796 841 tris

312 881 604 923 combussisse
631 893 680 921 ac
704 892 784 933 pro
810 878 992 933 reliquis
1018 878 1136 919 idem
1161 878 1353 931 pretium
1389 877 1645 931 poposcisse
1660 891 1671 925 ;
1698 876 1798 917 Tar-

313 958 515 1013 quinium
552 958 693 999 multo
734 956 875 1009 magis
915 955 1111 997 insanire
1152 955 1386 996 mulierem
1426 954 1651 1008 putavisse
1666 968 1677 1002 ;
1705 966 1798 1007 quae

312 1035 456 1077 denuo
483 1034 625 1075 tribus
652 1033 750 1074 aliis
777 1032 1017 1074 combustis
1044 1045 1144 1072 cum
1168 1031 1218 1072 in
1245 1031 1399 1073 eodem
1430 1031 1574 1085 pretio
1598 1043 1801 1084 perseve-

313 1114 442 1163 raret,
468 1112 640 1152 motum
663 1122 759 1151 esse
776 1122 925 1163 regem
943 1121 991 1149 ac
1007 1107 1206 1149 residuos
1223 1107 1432 1149 trecentis
1450 1107 1595 1148 aureis
1612 1106 1795 1148 emisse»

314 1191 357 1231 et
382 1187 485 1229 ibid.
512 1187 546 1229 Ι.
575 1188 615 1236 6,
646 1186 723 1228 13;
758 1184 988 1238 «(Sibyllae)
1016 1183 1212 1238 Cymaeae,
1247 1184 1371 1225 cuius
1408 1183 1511 1224 libri
1537 1196 1562 1224 a
1587 1182 1799 1224 Romanis

315 1266 594 1307 occultantur
629 1276 710 1304 nec
749 1275 824 1303 eos
857 1262 909 1303 ab
950 1262 1043 1302 ullo
1081 1261 1170 1302 nisi
1196 1274 1221 1301 a
1247 1259 1604 1314 quindecimviris
1641 1259 1802 1313 inspici

314 1344 381 1385 fas
406 1342 614 1384 habent».
640 1365 699 1368 —
725 1338 897 1382 Abdita
923 1372 931 1380 .
962 1372 970 1380 .
998 1372 1007 1380 .
1037 1337 1151 1394 fata,
1176 1351 1346 1386 arcana,
1374 1339 1424 1378 ut
1438 1337 1565 1390 Verg.
1591 1336 1698 1377 Aen.
1727 1335 1800 1377 VI.

316 1420 503 1462 72—73.
532 1417 584 1458 de
612 1416 800 1457 oraculis
839 1414 1090 1467 Sibyllinis:
1125 1426 1392 1467 «arcanaque
1425 1413 1516 1453 fata
1539 1412 1668 1453 Dicta
1692 1424 1801 1452 meae

315 1495 478 1550 genti».
518 1518 575 1522 —
613 1492 735 1535 senis
763 1525 770 1533 .
800 1525 808 1533 .
840 1525 848 1532 .
878 1490 1001 1532 canit
1035 1488 1246 1545 pedibus,
1285 1489 1484 1530 versibus
1523 1488 1800 1538 hexametris,

317 1573 476 1628 quibus
504 1570 654 1613 omnia
680 1569 857 1611 oracula
884 1567 1098 1621 Sibyllina
1124 1570 1249 1607 erant
1275 1566 1448 1619 scripta.

376 1651 424 1693 V.
458 1650 643 1692 17—22.
672 1659 857 1690 sacras.
880 1680 887 1688 .
911 1680 919 1688 .
946 1644 1144 1696 chartas,
1168 1645 1306 1686 libros
1334 1642 1587 1696 Sibyllinos.
1614 1666 1672 1671 —
1695 1639 1805 1697 quid

317 1729 452 1770 canat
476 1726 576 1778 illa,
601 1724 722 1777 doce,
747 1726 796 1764 ut
823 1723 985 1764 auxilio
1013 1723 1070 1763 sit
1094 1721 1336 1763 Messa-lino
1364 1721 1412 1761 in
1439 1719 1627 1761 oraculis
1653 1718 1805 1759 obscu-

317 1806 377 1846 ris
423 1800 782 1855 interpretandis.
813 1823 868 1829 —
911 1797 1019 1841 Haec
1066 1796 1187 1841 dedit
1233 1795 1394 1839 Aeneae
1441 1798 1596 1847 sortes,
1641 1793 1807 1848 Sibylla

319 1881 528 1928 Cumana,
556 1881 606 1921 ut
632 1878 765 1920 etiam
790 1878 916 1931 Verg.
943 1876 1052 1918 Aen.
1079 1876 1151 1918 VI.
1179 1877 1248 1917 42.
1279 1888 1370 1928 sqq.
1397 1876 1562 1914 narrat.
1579 1873 1808 1926 —sortes,

318 1972 411 2000 non
437 1959 576 1999 sortes
601 1955 782 2009 proprio
810 1967 945 1995 sensu
971 1955 1035 2006 (ut
1062 1966 1194 2006 supra
1218 1966 1280 1994 vs.
1304 1952 1399 2003 130,
1429 1950 1505 1992 sed
1531 1949 1707 1991 oracula
1733 1961 1806 1989 ore

320 2036 460 2083 dicta3
488 2034 540 2074 cf.
557 2033 685 2086 Verg.
701 2032 807 2072 Aen.
826 2030 897 2072 VL
919 2031 1106 2072 72—76.
1127 2029 1273 2081 (verba
1288 2028 1446 2069 Aeneae
1473 2026 1527 2068 ad
1553 2025 1806 2079 Sibyllam):

326 2112 434 2152 «Hic
461 2123 540 2164 ego
567 2122 759 2162 namque
798 2110 897 2149 tuas
939 2107 1078 2149 sortes
1119 2118 1362 2158 arcanaque
1403 2104 1504 2152 fata,
1531 2102 1659 2143 Dicta
1698 2114 1807 2142 meae

321 2187 455 2243 genti,
482 2199 646 2240 ponam
683 2186 906 2238 lectosque
933 2183 1124 2232 sacrabo,
1152 2183 1291 2231 Alma,
1318 2181 1461 2222 viros:
1489 2179 1608 2221 foliis
1633 2180 1808 2220 tantum

321 2279 375 2306 ne
403 2263 598 2305 carmina
623 2261 797 2312 manda,
824 2262 887 2302 Ne
912 2261 1088 2302 turbata
1111 2260 1264 2301 volent
1289 2258 1452 2310 rapidis
1489 2255 1680 2298 ludibria
1703 2267 1807 2296 ven-

321 2341 404 2389 tis;
444 2340 547 2393 Ipsa
588 2351 730 2387 canaS,
776 2351 894 2378 oro».
924 2361 980 2364 —
1001 2337 1256 2391 parentem,
1296 2334 1546 2382 Anchisen3
1589 2333 1640 2373 cf.
1679 2331 1806 2384 Verg.

321 2417 429 2458 Aen.
455 2416 509 2456 II.
539 2415 637 2456 707.
667 2426 757 2467 sqq.
785 2438 843 2440 —
868 2415 1025 2467 raptos
1055 2446 1062 2454 .
1093 2446 1100 2453 .
1132 2446 1139 2453 .
1169 2409 1330 2465 Lares,
1355 2410 1552 2459 Penates,
1582 2408 1657 2462 qui
1694 2419 1808 2460 saepe

323 2506 424 2534 cum
464 2491 649 2532 Laribus
691 2489 1049 2537 confundunt-mn
1093 2489 1143 2529 cf.
1172 2487 1298 2541 Verg.
1327 2487 1434 2528 Aen.
1471 2486 1504 2528 Ι.
1550 2483 1806 2527 378-379;

330 2568 461 2611 «Sum
486 2568 588 2621 pius
604 2566 787 2614 Aeneas,
815 2566 964 2618 raptos
992 2565 1065 2618 qui
1094 2577 1144 2605 ex
1168 2564 1295 2605 hoste
1321 2563 1506 2604 Penates
1520 2560 1668 2603 Classe
1693 2558 1808 2600 veho

324 2658 539 2688 mecum».
558 2668 615 2674 —
633 2642 918 2695 sustinuisse,
944 2655 1001 2684 sc.
1029 2642 1252 2689 humeris;
1281 2641 1331 2681 cf.
1352 2638 1438 2681 Cic.
1457 2638 1520 2680 De
1548 2637 1707 2679 senect.
1729 2635 1808 2677 10:

331 2736 455 2764 «cum
477 2721 588 2763 Milo
614 2720 810 2762 humeris
850 2718 1086 2760 sustineret
1124 2718 1280 2759 bovem
1305 2716 1496 2757 vivum».
1522 2738 1580 2742 —
1605 2712 1662 2754 ab
1701 2711 1810 2765 alto,
