1942 3132
772 209 830 239 AD
849 209 882 239 1.
903 206 938 246 8,
964 207 1132 239 73—80,
1645 196 1712 233 123

202 329 496 383 «Tisiphones
522 336 619 370 atro
638 326 676 370 si
694 327 802 370 furit
818 339 963 381 angue
990 329 1168 380 caput».
1196 351 1256 356 —-
1280 326 1470 383 impexa
1497 328 1621 384 feros
1639 363 1648 371 .
1668 363 1678 372 .
1698 362 1709 372 .

196 417 388 461 unques,
414 404 695 447 accusativus
719 403 995 458 respectivus
1021 404 1114 445 sive
1133 402 1326 453 Graecus,
1346 407 1396 446 ut
1413 404 1550 457 Lygd.
1571 406 1610 454 02,
1634 407 1680 448 11
1699 420 1716 450 a

202 468 457 537 {incompta
483 481 695 535 capillos»
727 483 772 522 et
796 479 925 534 Verg.
954 479 1033 523 Ge.
1060 480 1134 523 IV.
1161 482 1430 525 482—483:
1454 482 1709 524 «caeruleos-

195 573 282 614 que
308 559 514 613 implexae
531 557 730 600 crinibus
755 570 926 612 angues
951 557 1270 600 Eumenides».
1291 557 1579 600 Contra-rium
1606 558 1713 600 dicit

194 635 520 690 Pseudo-Verg.
563 633 658 677 Cul.
703 635 817 678 218:
864 634 1134 689 «Tisiphone
1181 635 1467 689 serpentibus
1512 635 1711 690 undique

194 716 414 768 compta».
433 712 559 755 —in
579 714 721 768 porta
739 744 750 754 .
774 744 785 753 .
808 744 820 754 .
842 709 1078 764 Cerberus,
1096 711 1315 755 Cerberus
1339 714 1481 768 igitur
1502 714 1589 756 hoo
1613 715 1712 756 loco

193 791 366 832 Tartari
402 793 580 845 portam
618 788 824 838 custodit,
853 802 947 832 non
986 792 1134 832 totum
1160 789 1337 839 Orcum,
1366 793 1418 833 ut
1441 790 1572 845 Verg.
1599 791 1708 834 Aen.

192 867 265 910 VI.
294 868 397 910 417.
427 881 519 922 sqq.
547 891 606 896 —
631 868 896 922 serpentum
936 864 1161 910 Cerberus
1198 879 1276 910 ore
1302 866 1491 921 Stridet,
1518 869 1571 911 cf.
1599 868 1708 917 Hor.

193 944 338 987 Carm.
366 944 445 987 HL
480 945 547 994 11,
579 944 780 986 17—18:
814 942 1070 994 «Cerberus,
1099 946 1304 999 quamvis
1343 946 1503 987 furiale
1529 949 1711 988 centum

192 1021 404 1064 Muniant
442 1033 612 1075 angues
651 1023 786 1075 caput
824 1021 946 1063 eius»
980 1024 1024 1064 et
1060 1021 1198 1076 Lygd.
1239 1023 1280 1069 4,
1315 1023 1399 1066 87:
1434 1022 1548 1064 «Nec
1585 1024 1712 1066 canis

192 1099 420 1153 anguinea
457 1097 691 1141 redimitus
728 1100 855 1152 terga
893 1102 1113 1141 caterva».
1142 1124 1201 1128 —
1227 1098 1401 1149 stridet,
1442 1100 1564 1142 unde
1592 1101 1711 1156 apud

192 1175 269 1219 Sil.
313 1176 366 1218 It.
411 1175 483 1218 VI.
531 1175 612 1219 177
630 1191 640 1218 :
686 1175 874 1218 «stridor
914 1174 1184 1218 Cerbereus»
1215 1201 1275 1206 —
1301 1181 1473 1222 ceratas
1512 1178 1715 1223 excubat-

191 1256 296 1297 ante
322 1253 460 1310 fores.
486 1253 578 1295 iam
604 1253 724 1308 apud
745 1253 880 1296 Hom.
907 1253 959 1295 11.
988 1253 1106 1296 VIIL
1140 1256 1220 1297 15:
1252 1253 1393 1300 Ἔνθα
1433 1255 1642 1313 σιδήρειαί
1665 1271 1710 1298 τε

188 1331 313 1374 πύλαι
348 1333 419 1373 καὶ
461 1331 646 1387 χάλκεος
689 1328 840 1381 οὐδός;
883 1330 1012 1385 Verg.
1055 1332 1165 1374 Aen.
1209 1332 1282 1374 VL
1329 1335 1430 1375 5522.
1479 1333 1534 1374 de
1575 1337 1711 1388 porta

188 1408 388 1450 Tartari:
437 1407 595 1450 «Porta
642 1407 829 1450 adversa
875 1409 1037 1463 ingens
1080 1409 1314 1464 solidoque
1354 1410 1595 1453 adamante
1636 1424 1709 1453 co—

187 1485 396 1527 lumnae».

235 1562 297 1605 -V.
327 1563 352 1605 7
358 1563 518 1605 3—80.
568 1560 794 1606 Iunonem
841 1564 1076 1618 temptare,
1122 1563 1316 1606 Iunonis
1363 1566 1576 1620 amplexu
1620 1565 1709 1608 frui

185 1639 345 1681 voluit.
372 1663 431 1668 —
457 1637 795 1695 Porrectusque
835 1651 998 1682 novem
1048 1638 1202 1695 Tityos
1240 1653 1329 1696 per
1367 1640 1534 1698 iuqera
1576 1643 1710 1685 terrae

189 1713 425 1758 Adsiduas
450 1717 552 1758 atro
580 1727 752 1758 viscere
783 1715 937 1771 pascit
962 1729 1084 1769 aves,
1110 1716 1300 1758 Latonae
1328 1718 1420 1759 vim
1448 1717 1607 1759 afferre
1633 1731 1711 1760 vo-.

187 1792 299 1841 luit;
340 1804 523 1845 poenam
562 1792 659 1834 eius
699 1793 912 1835 describit
949 1792 1082 1836 Hom.
1112 1792 1192 1835 Od.
1222 1793 1296 1835 XL
1326 1795 1427 1836 576.
1458 1807 1580 1848 sqq.:
1619 1793 1709 1837 Καὶ

188 1867 333 1911 Τιτυὸν
372 1866 494 1918 εἶδον,
525 1867 658 1926 Γαίης
696 1867 908 1925 ἐρικυδέος
949 1867 1051 1921 υἱόν,
1090 1868 1299 1927 Κείμενον
1327 1869 1369 1912 ἐν
1409 1870 1591 1927 δαπέδῳ,
1620 1868 1642 1912 ὁ
1669 1871 1705 1913 δ’

187 1945 250 1989 ἐπ’
278 1944 399 1988 ἐννέα
422 1950 534 1988 κεῖτο
557 1946 762 2001 πέλεθρα,
787 1945 820 1988 Γ
821 1952 895 1988 ῦπε
922 1946 969 1989 δέ
996 1961 1062 2002 μιν
1089 1945 1297 2002 ἑκάτερθε
1335 1951 1564 2005 παρημένω
1594 1946 1706 2006 ἧπαρ

187 2023 347 2079 ἔκειρον
363 2026 408 2065 et
419 2037 483 2065 vs,
499 2024 613 2065 580:
639 2023 766 2079 Λητὼ
791 2026 869 2079 γὰρ
895 2023 1072 2082 ἥλκησε,
1087 2024 1186 2073 Διὸς
1204 2025 1360 2083 κυδρὴν
1375 2029 1632 2082 παράκοιτιν.
1648 2051 1707 2056 —

188 2099 415 2144 culsiduas
440 2132 452 2142 .
483 2133 491 2142 .
521 2133 530 2142 .
551 2101 704 2156 pascit
728 2113 846 2151 aves,
872 2101 1141 2144 adiectivum
1157 2116 1238 2157 pro
1257 2102 1494 2146 adverbio:
1522 2103 1706 2146 adsidue

189 2178 345 2232 pascit,
373 2179 424 2219 ut
449 2176 527 2219 Ov.
554 2177 617 2219 Ib.
652 2178 911 2221 181—182:
943 2178 1291 2234 «Iugeribusque
1309 2194 1473 2222 novem
1501 2194 1706 2223 summus

187 2255 282 2310 qui,
301 2254 439 2296 distat
478 2255 535 2296 ab
560 2254 652 2296 imo
676 2253 961 2310 Visceraque·
984 2255 1181 2299 adsiduae
1218 2257 1369 2300 debita
1407 2258 1578 2312 praebet
1603 2259 1699 2300 avi»

189 2335 235 2374 et
269 2331 380 2374 Hor.
422 2331 567 2374 earm.
610 2331 691 2374 ΠΙ.
731 2333 774 2380 4,
818 2333 1022 2376 77—78:
1067 2333 1424 2376 «Incontinentis
1465 2349 1549 2377 nec
1589 2334 1706 2390 Tityi

188 2411 312 2452 iecur
336 2409 570 2463 Relinquit
595 2409 734 2452 ales».
759 2434 819 2439 —
844 2413 947 2454 atro
974 2411 1155 2464 viscere,
1181 2413 1342 2454 iecore.
1371 2437 1431 2442 —
1464 2411 1706 2466 Tantalus,

188 2487 333 2530 filium
373 2500 518 2537 suum,
557 2486 785 2541 Pelopem,
810 2486 898 2530 diis
937 2488 1213 2542 epulandum
1253 2490 1492 2544 apposuit;
1519 2491 1573 2532 cf.
1603 2489 1702 2532 adn.

129 2619 132 2623 Δ
190 2578 327 2619 supra
365 2564 420 2606 ad
460 2563 494 2606 Ι.
535 2565 575 2613 4,
618 2564 687 2606 64.
715 2588 775 2593 ——
799 2563 987 2618 circum,
1027 2565 1300 2610 adverbium.
1340 2591 1399 2596 ——
1436 2569 1618 2624 staqna,
1656 2569 1707 2608 ut

188 2640 323 2684 Hom.
363 2640 441 2684 Ov.
482 2640 556 2683 XI.
598 2642 698 2684 583.
733 2641 788 2683 de
826 2641 1041 2685 Tantalo:
1081 2641 1241 2686 ἑσταότ’
1277 2642 1319 2685 ἐν
1351 2644 1488 2701 λίμνῃ.
1517 2668 1578 2672 —
1601 2642 1705 2686 Iam

187 2717 286 2760 iam
304 2718 467 2773 poturi
491 2716 660 2760 deserit
686 2716 816 2760 unda
840 2717 986 2773 sitim,
1009 2717 1159 2762 locum
1187 2723 1292 2762 ante
1310 2720 1466 2763 oculos
1493 2719 1703 2770 habuisse
