1942 3132
253 240 299 274 94
825 251 881 281 AD
902 253 933 282 1.
957 250 990 290 9,
1016 250 1184 282 39—52.

253 369 459 422 delapsa:
493 367 751 410 «Cernimus
777 369 894 411 Idaea
921 370 1088 410 claram
1117 382 1163 410 se
1189 367 1380 410 condere
1421 367 1532 409 silva
1572 367 1760 422 Signan-

253 448 431 499 temque
481 445 577 487 vias
593 459 604 495 ;
656 447 752 487 tum
803 446 938 499 longo
977 445 1120 486 limite
1161 445 1310 486 sulcus
1361 444 1449 485 Dat
1486 445 1675 486 lucem».
1702 469 1762 473 —

253 522 486 579 teryebam
510 525 717 566 umentes
744 556 753 564 .
784 555 793 564 .
820 556 829 564 .
859 535 1014 578 yenas,
1041 536 1098 563 sc.
1129 535 1266 575 genas
1292 521 1490 562 Marathi
1515 520 1678 563 flentis.

311 599 360 641 V.
392 600 579 641 seu-44.
627 597 748 650 Quid
788 599 977 655 faciam,
1018 599 1109 641 nisi
1150 600 1190 640 et
1227 598 1323 653 ipse
1360 598 1480 654 fores
1516 598 1567 640 in
1606 610 1761 641 amore

250 676 444 726 puellae,
471 678 605 731 poeta
629 676 825 730 primum
842 675 895 716 de
912 689 1046 730 poena
1063 675 1281 717 sumenda
1300 675 1476 728 cogitat,
1498 673 1576 716 sed
1600 674 1759 716 deinde

252 755 300 795 in
327 755 525 794 mentem
553 753 590 793 ei
619 753 743 794 venit
767 752 1024 794 Marathum
1051 752 1221 793 infelici
1249 765 1353 805 erga
1384 752 1582 805 puellam
1609 764 1760 794 amore

255 830 361 872 satis
389 843 485 871 esse
511 830 737 883 punitum,
778 843 827 870 ac
867 829 902 871 si
944 829 1087 871 dicat:
1124 829 1293 880 «Quam
1333 841 1513 881 poenam
1554 833 1761 870 sumam?

253 907 380 950 Certe
407 920 641 955 sumerem,
684 906 796 947 nisi»
830 908 909 947 etc.
940 931 998 933 —-
1023 906 1074 948 in
1114 918 1273 947 amore
1308 905 1511 959 puellae,
1550 905 1760 959 intellege

254 997 452 1026 amorem
490 983 687 1024 Marathi
713 983 761 1024 in
788 983 1000 1032 Pholoen,
1031 983 1084 1024 de
1113 996 1198 1036 quo
1239 983 1385 1036 agitur
1412 996 1546 1036 supra
1571 983 1603 1023 I.
1635 984 1672 1024 8.
1702 1008 1760 1011 —-

257 1059 294 1103 O
323 1061 529 1116 quotiens
556 1063 649 1109 etc„
679 1059 846 1101 Pholoe
873 1060 1020 1113 igitur,
1058 1073 1165 1113 quae,
1195 1061 1245 1100 ut
1272 1073 1323 1100 ex
1348 1059 1379 1099 I.
1411 1061 1448 1100 8.
1480 1061 1635 1107 elucet,
1664 1059 1758 1101 Ma-

253 1138 369 1180 rathi
397 1151 593 1178 amorem
621 1137 698 1178 diu
717 1141 952 1190 aspernata
971 1139 1079 1186 erat,
1097 1140 1254 1189 postea
1270 1136 1446 1177 Tibullo
1462 1137 1758 1189 persuadente

251 1228 342 1256 non
370 1217 462 1263 erat
501 1214 591 1254 iam
617 1227 755 1266 puero
783 1213 989 1254 difficilis.
1019 1238 1076 1240 —
1103 1211 1206 1268 Ipse
1233 1225 1378 1255 comes
1403 1214 1553 1255 multa
1581 1213 1760 1256 lumina

251 1293 379 1334 nocte
406 1291 504 1340 tuli,
534 1290 693 1331 servile
722 1290 917 1331 officium
945 1290 1140 1343 suscepit
1167 1291 1308 1331 facem
1349 1291 1505 1338 ferens,
1537 1303 1639 1332 cum
1663 1290 1757 1331 Ma-

252 1369 407 1409 rathus
436 1369 625 1408 amicam
651 1370 786 1407 noctu
807 1380 828 1407 e
847 1368 1050 1408 convivio
1070 1367 1252 1408 domum
1277 1366 1517 1407 reduceret.
1538 1391 1596 1394 —
1614 1365 1759 1422 Saepe

250 1444 508 1498 insperanti
536 1444 655 1486 venit
683 1442 765 1485 tibi
790 1456 978 1485 munere
1003 1446 1160 1485 nostro
1189 1441 1246 1486 Et
1274 1444 1408 1486 latuit
1435 1443 1620 1486 clausas
1652 1445 1758 1498 post

253 1520 472 1575 adoperta
499 1520 634 1576 fores,
663 1520 897 1561 Marathus
925 1522 1027 1561 ante
1043 1520 1225 1561 domum
1244 1521 1404 1572 puellae
1420 1507 1759 1562 clausam'stetit

252 1597 503 1651 desperans,
546 1610 647 1638 cum
685 1597 837 1650 puella
863 1610 886 1638 e
915 1597 1117 1638 cubiculo
1157 1597 1204 1637 in
1243 1597 1517 1638 vestibulum
1554 1598 1677 1639 venit
1715 1601 1758 1638 et

251 1676 351 1728 post
379 1675 560 1714 ianuam
587 1674 730 1718 latuit,
760 1676 809 1714 ut
837 1687 933 1714 eam
967 1687 1070 1715 mox
1108 1677 1325 1714 reseraret
1351 1677 1394 1714 et
1421 1673 1475 1714 ad
1500 1673 1757 1716 Marathum

253 1751 398 1792 exiret.
441 1750 701 1804 Comparari
739 1753 885 1803 potest
924 1750 1100 1791 Trabeae
1144 1751 1303 1791 comici
1345 1751 1469 1792 locus
1508 1751 1627 1805 apud
1669 1750 1754 1793 Cic.

254 1828 426 1868 Tuscul.
462 1827 532 1868 IV.
566 1828 647 1868 31:
681 1827 828 1867 «Lena
855 1827 1043 1867 delinita
1081 1829 1265 1879 argento
1306 1829 1468 1868 nutum
1507 1827 1758 1869 observabit

249 1917 412 1952 meum,
456 1903 571 1955 Quid
608 1903 756 1952 velim,
802 1903 908 1957 quid
947 1903 1178 1945 studeam:
1219 1902 1460 1945 adveniens
1498 1904 1637 1957 digito
1675 1905 1757 1945 im-

250 1981 415 2034 pellam
441 1980 648 2030 ianuam:
675 1980 812 2021 Fores
838 1980 1054 2033 patebunt
1093 1981 1147 2022 de
1189 1981 1443 2035 improviso,
1474 1980 1655 2034 Chrysis
1680 1981 1756 2023 ubi

250 2071 322 2098 me
370 2057 629 2110 adspexerit,
683 2058 853 2098 Alacris
902 2057 1078 2098 obviam
1124 2057 1238 2098 mihi
1282 2060 1432 2098 veniet
1477 2058 1756 2111 complexum

252 2137 462 2186 exoptans
490 2148 681 2175 meum».
707 2159 765 2161 ⁷—
790 2146 979 2176 munere
1005 2136 1178 2186 nostro,
1204 2147 1305 2175 mea
1330 2147 1476 2188 opera,
1505 2148 1606 2176 meo
1623 2134 1754 2176 bene·

251 2210 371 2258 ficio;
395 2211 562 2251 Pholoe
578 2211 698 2251 enim
715 2214 872 2264 rogatu
886 2211 1049 2252 Tibulli
1065 2212 1246 2252 mollior
1260 2212 1376 2252 facta
1392 2214 1457 2252 est
1469 2211 1686 2253 Maratho.
1697 2237 1755 2240 —

253 2286 488 2340 adoperta,
521 2287 662 2339 capite
690 2288 848 2332 velato.
878 2301 934 2329 ne
974 2290 1290 2341 agnosceretur
1317 2302 1342 2329 a
1367 2289 1752 2341 praetereuntibus,

251 2376 351 2403 cum
379 2377 400 2403 e
428 2363 560 2404 domo
589 2363 643 2403 ad
671 2368 913 2405 amatorem
941 2366 1087 2406 exiret.

310 2439 358 2479 V.
389 2440 444 2479 45
470 2441 578 2480 252.
625 2439 685 2481 ad
728 2440 916 2495 laqueos
958 2442 1138 2484 cautior
1179 2454 1287 2495 esse,
1329 2442 1521 2483 cautior
1543 2440 1753 2482 adversus

252 2514 429 2556 fraudes
468 2518 579 2555 tuas.
610 2540 667 2542 ej
695 2518 890 2560 atton-ita
916 2548 926 2556 .
954 2551 963 2559 .
995 2551 1003 2559 .
1032 2520 1194 2569 mente,
1235 2531 1384 2559 amore
1421 2530 1669 2571 percussus,
1704 2520 1753 2558 ut

253 2591 328 2633 Ov.
357 2592 404 2631 A.
434 2592 482 2631 A.
512 2591 565 2632 Π.
598 2593 731 2632 295μ
748 2594 858 2635 296:
893 2593 1004 2636 «Sed
1030 2597 1090 2643 tu,
1122 2594 1385 2647 cuicumque
1413 2595 1480 2634 est
1511 2592 1751 2634 retinendae

253 2681 357 2709 cura
380 2668 552 2721 puellae,
582 2668 832 2710 Attonitum
860 2671 1002 2711 forma
1030 2672 1096 2711 fac
1113 2673 1240 2724 putet
1266 2683 1361 2711 esse
1388 2682 1509 2712 sua».
1526 2667 1749 2711 -Pc'eri-

255 2743 466 2799 dumque,
494 2744 744 2785 carminum
771 2746 819 2785 in
845 2746 1024 2788 laudem
1049 2750 1175 2788 tuam
1196 2747 1415 2789 factorum
1429 2760 1440 2795 3
1467 2745 1519 2786 cf.
1549 2745 1619 2787 IV.
1639 2747 1675 2795 7,
1699 2747 1750 2788 3:
