1942 3132
288 215 354 249 19⁶2
857 229 912 257 AD
933 230 964 258 1.
988 228 1020 267 7,
1045 226 1209 257 55—58.

287 348 427 388 5ῌ7ε
461 347 584 400 «Ipse
613 360 716 389 suos
756 346 870 388 adsit
897 346 1065 389 Genius
1093 347 1268 387 visurus
1298 346 1504 395 honores,
1533 345 1613 387 Cui
1651 345 1778 387 deco-

287 426 386 465 rent
412 427 588 465 sanctas
613 423 767 465 mollia
794 426 910 465 serta
936 437 1095 472 comas,
1123 423 1251 464 Illius
1277 436 1388 476 puro
1416 422 1643 463 destillent
1667 425 1778 463 ‘nem-2

285 514 396 554 pora
441 500 622 542 nardo».
676 497 890 541 Similiter
933 500 988 541 II.
1043 501 1077 547 1,
1128 500 1254 540 3—4.
1302 499 1503 540 Bacchus
1559 500 1604 540 01
1648 497 1778 540 Ceres

286 578 532 619 invitantur
558 576 614 618 ad
637 577 930 625 Ambarvalia,
958 578 1008 617 ut
1034 578 1144 618 festo
1173 576 1487 617 convenienter
1525 575 1663 629 signis
1696 576 1777 616 fer-

286 654 463 696 tilitatis
506 655 651 696 ornati
691 655 898 696 veniant:
945 654 1152 704 «Bacche,
1191 654 1304 703 veni,
1354 654 1581 707 dulcisque
1627 653 1716 695 tuis
1755 666 1777 694 0

287 732 493 773 cornibus
531 745 618 773 uva
654 731 848 773 Pendeat
886 734 929 772 01
967 731 1098 784 spicis
1137 734 1340 784 tempora
1366 731 1491 784 cinge
1519 729 1691 773 Ceres».
1720 754 1779 758 —

285 807 438 863 Illius,
463 822 520 850 sc.
551 808 694 851 Genii.
722 833 780 836 —
805 807 967 862 nitido,
999 810 1178 861 propter
1217 810 1425 861 ungenta.
1454 832 1512 835 —
1542 806 1596 849 Et
1635 807 1779 862 capite

288 887 327 928 et
365 885 514 928 collo.
545 919 553 926 .
584 919 591 926 .
621 887 758 939 serta,
796 890 846 926 ut
890 886 938 926 in
983 885 1226 926 laetioribus
1273 884 1487 926 conviviis
1525 897 1623 925 mos
1662 885 1777 932 erat;

287 965 338 1004 ef.
368 964 474 1004 Hor.
506 962 592 1005 Sat.
620 963 675 1005 II.
706 964 743 1012 3,
773 964 1019 1005 255—256.
1050 963 1102 1004 de
1127 963 1394 1004 Polemone:
1430 964 1584 1015 «potus
1616 962 1666 1003 ut
1704 960 1778 1002 ille

287 1041 459 1082 Dicitur
501 1054 551 1081 ex
592 1040 705 1082 collo
750 1040 901 1081 furtim
943 1041 1159 1094 carpsisse
1203 1052 1431 1081 coronas».
1466 1063 1524 1065 —
1551 1036 1780 1091 hodierne,

288 1118 445 1167 hodie3
474 1118 738 1159 adiectivum
765 1131 845 1171 pro
871 1117 1092 1166 adverbio,
1121 1121 1171 1158 ut
1197 1117 1440 1171 saepissime
1468 1115 1584 1169 apud
1609 1117 1777 1169 poetas,

290 1201 333 1236 et
356 1196 584 1236 vocativus
622 1208 701 1248 pro
739 1195 1031 1245 nominativo,
1072 1197 1121 1235 ut
1146 1194 1272 1247 Verg.
1301 1194 1406 1234 Aen.
1435 1193 1489 1234 II.
1520 1192 1778 1234 282—283:

293 1271 478 1325 «quibus
503 1271 670 1313 Hector
695 1271 748 1313 ab
776 1271 864 1312 oris
896 1271 1157 1324 Exspectate
1183 1271 1332 1311 venis»
1365 1273 1408 1311 et
1432 1268 1535 1310 ibid.
1563 1268 1637 1310 XI.
1668 1269 1777 1310 856:

294 1349 417 1390 «Huc
442 1349 635 1402 periture
661 1349 804 1389 veni».
834 1373 891 1375 —
919 1347 999 1390 tibi
1026 1346 1128 1389 dem
1155 1347 1270 1390 turis
1315 1346 1504 1389 honores
1531 1380 1538 1387 .
1569 1379 1577 1387 .
1609 1379 1616 1386 .
1646 1343 1780 1398 Liba,

288 1426 356 1467 die
384 1426 524 1467 natali
541 1428 652 1475 tura,
672 1426 826 1466 vinum
844 1427 887 1466 et
903 1425 1045 1466 libum
1073 1424 1378 1466 sacrificabant
1396 1423 1538 1466 Genio
1554 1438 1564 1472 ;
1592 1423 1643 1463 cf.
1663 1422 1780 1462 infra

287 1502 342 1543 ΙΙ.
372 1503 412 1552 2,
440 1503 478 1544 8.
509 1501 560 1542 de
589 1501 755 1543 Genio:
791 1502 954 1554 «Atque
983 1503 1105 1542 satur
1129 1501 1219 1542 libo
1247 1501 1304 1542 sit
1340 1499 1601 1553 madeatque
1627 1511 1773 1540 mero»

287 1582 330 1619 et
354 1579 425 1620 IV.
455 1580 495 1628 5,
523 1580 573 1620 9:
608 1577 793 1631 «Magne
821 1577 948 1627 Geni,
978 1591 1082 1631 cape
1109 1581 1210 1619 tura
1235 1577 1403 1618 libens»
1436 1578 1479 1617 et
1505 1576 1559 1616 ΙΙ.
1590 1577 1630 1624 9.,
1659 1576 1695 1616 3.
1725 1574 1779 1616 (10

286 1656 426 1697 natali
454 1655 662 1698 Cornuti:
698 1655 918 1697 «Urantur
944 1655 1019 1707 pia
1044 1656 1143 1695 tura
1170 1655 1320 1695 focis».
1345 1678 1402 1681 w
1430 1652 1545 1695 luris
1573 1651 1781 1705 honores,

286 1736 334 1774 ut
359 1733 485 1786 Prop.
514 1732 584 1773 IV.
615 1733 653 1780 6,
683 1733 733 1773 5:
768 1731 974 1773 «Costum
999 1731 1134 1771 molle
1161 1730 1260 1772 date
1289 1733 1330 1772 et
1355 1730 1507 1771 blandi
1532 1729 1643 1771 mihi
1668 1729 1780 1770 turis

287 1811 521 1851 honores».
551 1834 607 1836 —---
634 1807 768 1863 Liba,
794 1809 845 1850 cf.
883 1807 999 1849 Serv.
1030 1808 1084 1849 ad
1110 1808 1235 1861 Verg.
1264 1808 1371 1849 Aen.
1400 1807 1493 1848 VII.
1529 1808 1633 1848 109:
1668 1805 1782 1847 «liba

287 1890 392 1928 sunt
437 1887 652 1940 placentae
699 1885 751 1926 de
798 1886 924 1935 farre,
969 1886 1100 1926 melle
1141 1887 1184 1926 01
1223 1885 1321 1926 0100
1361 1884 1496 1925 sacris
1539 1886 1693 1937 aptae».
1722 1907 1781 1910 -—

288 1963 535 2018 Mopsopio,
551 1963 722 2012 Attico;
751 1965 844 2003 erat
872 1962 991 2003 enim
1008 1962 1251 2015 Mopsopus
1277 1974 1352 2002 rex
1379 1961 1586 2013 antiquus
1611 1960 1777 2008 Atticae,

287 2041 404 2082 unde
443 2041 678 2094 Mopsopia
715 2042 896 2080 vocatur
932 2039 1076 2079 Attica
1113 2040 1224 2080 teste
1264 2036 1404 2079 Strab.
1438 2037 1512 2079 IX.
1540 2051 1581 2091 p.
1611 2037 1709 2078 397.
1738 2039 1781 2077 et

287 2120 386 2159 443.
429 2117 490 2159 Cf.
533 2116 608 2158 Ov.
649 2115 754 2157 Her.
797 2117 835 2165 8,
879 2117 958 2156 72:
993 2114 1120 2156 «urbs
1158 2114 1416 2168 Mopsopia»
1448 2114 1475 2155 i.
1518 2127 1552 2154 e.
1580 2113 1777 2154 Athenae.

286 2195 377 2235 Mel
415 2195 609 2236 Atticum
651 2196 798 2234 autem
840 2193 1023 2246 ponitur
1062 2205 1141 2246 pro
1188 2191 1430 2244 Hymettio,
1471 2193 1520 2232 ut
1546 2190 1621 2232 Ov.
1650 2189 1777 2231 Trist.

287 2273 327 2320 4,
359 2272 557 2313 29—30:
592 2270 787 2311 «dulcior
823 2270 902 2310 illo
929 2269 1074 2318 Melle,
1106 2269 1222 2323 quod
1258 2269 1305 2310 in
1343 2269 1454 2309 00118
1478 2268 1624 2308 Attica
1652 2266 1782 2320 ponit

289 2350 427 2402 apis».
457 2348 721 2390 Clarissimae
749 2350 898 2388 autem
925 2349 1050 2388 erant
1076 2360 1179 2399 apes
1205 2346 1252 2387 in
1277 2348 1430 2387 monte
1454 2344 1678 2398 Hymetto.

347 2425 395 2466 V.
427 2425 615 2466 55j58.
657 2423 716 2466 At
756 2424 852 2477 tibi,
891 2437 946 2465 sc.
988 2423 1220 2464 Messallae.
1252 2448 1305 2451 —
1331 2423 1582 2466 succrescat
1612 2420 1780 2475 proles,

289 2501 452 2543 auxilio
477 2500 620 2549 Genii,
651 2501 724 2554 qui
752 2500 974 2541 connubia
1010 2499 1199 2541 fecunda
1238 2499 1404 2548 reddit;
1433 2499 1484 2540 cf.
1511 2498 1629 2538 infra
1652 2496 1707 2538 II.
1736 2497 1775 2545 2,

291 2581 370 2621 21:
406 2578 524 2619 «Hac
562 2577 711 2618 veniat
748 2577 919 2618 Natalis
946 2578 987 2628 (i.
1020 2590 1054 2617 e.
1084 2575 1268 2627 Genius)
1294 2576 1365 2617 avi
1402 2575 1659 2629 prolemque
1696 2573 1779 2613 mi-

290 2656 488 2697 nistret».
518 2680 574 2682 —
600 2653 724 2710 facta
743 2653 953 2708 parentis
981 2652 1174 2708 Auyeat,
1200 2653 1394 2694 cumulet
1420 2651 1519 2693 aliis
1555 2650 1779 2704 praeclaris

290 2733 429 2774 factis.
456 2757 513 2759 —
552 2730 824 2781 veneranda,
864 2734 1044 2783 propter
1082 2731 1292 2771 virtutem
1331 2729 1422 2771 iam
1461 2729 1509 2769 in
1549 2727 1778 2769 iuventute
