1942 3132
245 186 311 221 104
803 201 860 231 AD
879 202 910 232 1.
937 199 992 239 10,
1017 200 1185 232 33—38.

302 319 354 361 V.
383 318 571 360 33—38.
607 316 722 370 Quis
746 317 880 375 furor
902 321 983 371 est,
1011 320 1063 360 ut
1093 319 1212 361 infra
1237 318 1311 361 IV.
1332 320 1372 371 3,
1393 320 1445 363 7:
1468 320 1603 373 «Quis
1629 322 1755 364 furor

242 398 322 444 eet,
362 408 458 449 quae
495 407 668 436 mens».
696 419 756 424 —-
782 396 936 438 atram
963 425 975 438 .
1002 429 1012 437 .
1040 427 1049 436 .
1078 398 1284 446 mortem,
1330 398 1381 436 ut
1418 395 1450 438 I.
1481 397 1519 446 3,
1549 397 1601 439 5:
1644 396 1751 439 «Ab-

247 472 430 522 stineas,
460 471 582 513 Mors
609 474 716 521 atra,
745 486 942 527 precor».
972 498 1031 502 —
1060 472 1190 516 bellis
1217 486 1444 517 arcessere
1470 476 1676 526 mortem,
1703 478 1756 517 ut

239 547 410 590 Lucan.
450 547 545 590 VII.
587 550 699 591 252:
733 550 898 591 «fatum
936 550 1146 591 arcessite
1187 551 1348 591 ferro».
1378 574 1437 579 —
1463 548 1677 594 Imminet
1715 551 1758 594 et

241 625 380 668 tacito
419 625 542 668 clam
579 626 701 669 venit
738 626 825 669 illa
856 625 984 682 pede,
1028 629 1079 669 ut
1105 627 1180 669 Ov.
1211 627 1339 669 Trist.
1367 627 1446 669 HI.
1477 630 1516 678 7,
1547 630 1752 672 35——362

246 703 492 752 «senectus,
538 702 643 755 Quee
687 703 935 757 strepitum·
966 717 1103 758 passu
1143 718 1237 746 non
1284 705 1475 746 faciente
1515 704 1663 747 venit»
1711 707 1756 746 et

243 778 291 819 A.
322 779 372 820 A.
400 778 456 820 H.
486 779 599 821 670:
633 779 755 820 «Iam
780 780 930 822 veniet
967 781 1104 822 tacito
1132 794 1266 822 curva
1295 783 1473 823 senecta
1511 780 1667 835 pede».
1694 806 1754 810 —-

241 855 386 912 infra,
427 869 483 898 sc.
527 856 572 897 in
606 855 732 898 Orco.
760 881 820 885 —-
846 856 1009 900 audam
1049 855 1287 908 Cerberus,
1329 858 1560 911 epitheton
1599 861 1755 911 aptum

243 933 357 982 cani,
398 935 450 974 ut
486 932 616 987 Prop.
658 933 712 976 IL
746 935 812 982 19,
841 935 925 976 20:
959 934 1173 976 «audaces
1214 936 1312 989 ipse
1351 949 1536 977 monere
1575 949 1752 977 canes».

244 1009 308 1052 Cf.
338 1008 445 1052 Stat.
475 1010 608 1052 Theb.
638 1010 709 1052 VI.
738 1012 838 1054 476.
868 1011 923 1053 de
950 1011 1166 1055 Cerbero:
1200 1013 1390 1054 «ianitor
1429 1016 1534 1055 atrae
1559 1013 1754 1067 Impavi—

242 1087 326 1129 dus
353 1087 560 1129 Lethes».
590 1112 649 1116 ——
675 1086 847 1145 Styqiae
873 1090 1033 1134 navita
1061 1090 1209 1145 turpis
1237 1103 1383 1146 aquae,
1417 1090 1622 1141 Charon;
1651 1091 1753 1132 tur·
1780 1138 1783 1142 ,

235 1163 330 1219 pis,
370 1165 421 1204 ut
446 1163 573 1218 Verg.
603 1165 714 1207 Aen.
741 1165 812 1207 VI.
845 1167 944 1208 298.
975 1179 1094 1221 sqq.:
1128 1167 1347 1209 «Portitor
1384 1168 1466 1210 has
1504 1167 1755 1209 horrendus

244 1255 383 1296 aquas
412 1244 454 1283 et
480 1241 670 1284 fiumina
697 1245 842 1284 servat
869 1243 1073 1285 Terribili
1107 1244 1312 1298 squalore
1340 1243 1531 1295 Charon,
1560 1244 1629 1286 cui
1655 1245 1754 1298 plu·

243 1318 358 1360 rima
396 1320 548 1360 mento
577 1318 775 1360 Canities
814 1319 984 1360 inculta
1021 1320 1148 1369 iacet,
1189 1322 1311 1362 stant
1346 1320 1521 1362 lumina
1558 1320 1753 1365 flamma,

246 1394 462 1438 Sordidus
491 1409 542 1437 ex
566 1396 736 1438 umeris
763 1396 881 1438 nodo
910 1397 1132 1450 dependet
1158 1397 1347 1439 amictus
1357 1414 1372 1434 υ
1381 1412 1391 1446 ;
1418 1398 1546 1450 Prop.
1575 1397 1652 1439 III.
1685 1398 1753 1446 18,

250 1474 332 1515 24:
366 1471 655 1514 «Scandenda
683 1477 749 1515 est
775 1475 891 1516 torvi
931 1474 1112 1528 publica
1151 1475 1308 1531 cymba
1348 1476 1491 1516 senis»
1502 1490 1512 1524 3
1540 1475 1632 1516 Iuv.
1664 1473 1753 1516 Sat.

242 1549 319 1591 III.
351 1551 449 1593 265.
480 1551 532 1593 de
559 1554 766 1594 mortuo:
800 1552 921 1593 «Iam
961 1552 1084 1594 sedet
1122 1552 1169 1593 in
1209 1553 1307 1605 ripa
1333 1555 1598 1606 taetrumque
1630 1552 1755 1594 novi-

240 1627 339 1668 cius
367 1629 519 1670 horret
545 1627 829 1670 Porthmea».
857 1653 916 1656 —
937 1628 1250 1685 perfossisque
1287 1628 1417 1683 qenis
1454 1630 1648 1684 ustoque
1673 1641 1753 1670 ea-

238 1704 368 1760 pulo,
413 1705 654 1746 credebant
705 1706 837 1747 multi
879 1706 1067 1759 vestigia
1112 1706 1231 1760 ignis
1278 1706 1522 1760 conspicua
1568 1718 1665 1747 esse
1710 1705 1757 1746 in

243 1780 414 1823 umbrie
441 1785 723 1824 mortuorum
748 1784 1049 1824 crematorum
1064 1799 1074 1833 3
1103 1783 1156 1824 cf.
1185 1783 1313 1837 Prop.
1341 1782 1414 1824 IV.
1445 1784 1482 1832 7,
1513 1784 1672 1826 9-18,
1703 1782 1756 1824 de

241 1860 401 1901 umbra
428 1859 657 1913 Cynthiae:
691 1860 846 1901 «lateri
872 1860 1010 1901 vestis
1038 1860 1197 1902 adusta
1224 1861 1308 1902 fuit
1323 1860 1380 1902 Et
1406 1861 1591 1902 solitum
1617 1860 1756 1914 digito

243 1936 450 1990 beryllon
476 1935 687 1977 adederat
712 1937 871 1990 ignis».
892 1961 951 1965 —-
976 1936 1291 1993 perfossisque
1316 1936 1463 1993 genis,
1489 1937 1635 1978 caveis
1653 1950 1756 1978 ocu-

243 2013 392 2054 lorum
431 2012 617 2062 effossis,
658 2013 685 2054 i.
718 2027 752 2054 e.
784 2013 924 2054 oculis
966 2013 1069 2066 igne
1112 2013 1208 2066 rogi
1252 2013 1431 2054 exustis.
1473 2012 1757 2054 Contrarium

245 2089 353 2130 dicit
398 2090 526 2143 Prop.
574 2089 646 2131 IV.
698 2092 736 2138 7,
782 2091 913 2132 7—-8,
961 2090 1014 2131 de
1061 2090 1257 2144 imagine
1306 2089 1507 2143 Cynthiae
1542 2091 1756 2131 mortuae:

251 2166 468 2209 «Eosdem
494 2167 652 2208 habuit
679 2180 841 2217 secum,
871 2168 1031 2221 quibus
1072 2170 1139 2209 est
1165 2168 1296 2218 elata,
1334 2167 1535 2221 capillos,
1562 2166 1757 2208 Eosdem

247 2245 428 2286 oculos:
456 2245 586 2286 lateri
612 2246 749 2286 vestis
778 2246 936 2287 adusta
962 2245 1088 2287 fuit».
1118 2244 1325 2288 Ceterum
1345 2244 1663 2300 perfossisque
1690 2245 1759 2284 est

246 2321 505 2362 coniectura
530 2335 633 2362 mea
648 2338 657 2371 ;
686 2324 738 2363 cf.
767 2323 887 2364 infra
914 2321 1013 2363 adn.
1044 2322 1139 2364 crit.
1166 2322 1223 2363 ad
1249 2322 1290 2362 h.
1319 2322 1350 2362 l.
1375 2345 1435 2349 ——
1457 2320 1599 2375 yemis,
1630 2332 1756 2372 genae

247 2398 333 2439 hoc
359 2397 459 2438 loco
487 2410 643 2439 caveas
672 2399 903 2440 oculorum
931 2397 1199 2452 significant,
1227 2399 1278 2439 ut
1305 2397 1433 2450 Prop.
1462 2396 1540 2437 111.
1575 2397 1640 2443 12,
1672 2396 1755 2436 26:

253 2473 540 2526 «Exustaeque
582 2476 668 2514 tuae
714 2488 831 2525 mox,
877 2474 1165 2528 Polypheme,
1208 2486 1356 2527 genae»
1390 2474 1434 2513 et
1472 2471 1544 2513 IV.
1588 2472 1628 2519 5,
1675 2471 1755 2512 16:

254 2548 517 2591 «Cornicum
555 2549 804 2592 immeritas
845 2552 959 2593 eruit
996 2544 1146 2604 ungue
1184 2563 1366 2604 genas»;
1394 2548 1470 2591 Ov.
1499 2547 1603 2589 Met.
1633 2547 1752 2589 XHI.

247 2626 514 2669 561—562:
557 2625 743 2678 «digitos
784 2627 832 2667 in
873 2627 1043 2681 perfida
1083 2627 1257 2668 lumina
1298 2625 1451 2667 condit
1489 2623 1754 2678 Expilatque

247 2703 375 2758 genis
409 2703 585 2745 oculos»
618 2704 662 2744 et
701 2703 766 2743 Ex
791 2704 916 2745 Pont.
946 2705 1001 2747 IL
1032 2705 1072 2755 8,
1101 2705 1184 2747 66:
1217 2703 1296 2745 «Et
1333 2700 1480 2756 patiar
1515 2700 1649 2742 fossis
1686 2700 1756 2742 lu—
