1942 3132
757 246 813 276 u>
832 246 882 275 11.
905 244 938 283 5,
965 243 1129 275 11—16.
1621 231 1690 267 275

198 363 402 406 attollere
428 365 568 407 fasces
593 363 708 406 Ante
733 362 876 412 diem;
914 365 1031 405 certe
1064 363 1155 405 iam
1180 376 1300 405 nunc
1325 359 1533 417 Cybeleia
1566 364 1691 406 novit

197 439 379 484 Limina
417 444 459 484 et
498 440 704 484 Euboicae
745 452 923 482 carmen
963 439 1073 494 legit
1112 439 1188 482 ille
1230 438 1451 493 Sibyllae».
1479 466 1528 469 —
1568 438 1691 484 Dum

198 517 438 562 cumulant
476 530 601 572 aras,
639 519 738 559 ture
779 506 823 559 et
845 517 1051 571 prosiciis
1089 530 1142 559 ex
1166 530 1316 566 more;
1343 518 1397 558 ef.
1424 517 1551 572 Verg.
1581 519 1687 561 Aen.

197 593 315 638 VIII.
343 596 454 638 284:
486 594 826 649 «cumulantque
867 594 1063 636 oneratis
1102 594 1306 636 lancibus
1348 608 1470 637 aras»
1503 598 1546 637 et
1585 595 1689 639 ibid.

198 670 273 714 XL
302 672 384 714 50:
417 670 724 726 «cumulatque
762 670 921 713 altaria
958 671 1131 713 donis».
1158 695 1216 700 —
1241 669 1435 726 nitidus,
1472 672 1584 714 bene
1623 686 1690 714 or-

197 750 344 800 natus,
369 749 421 790 ut
443 747 550 791 Hor.
577 747 721 791 Carm.
748 748 827 790 ΠΙ.
855 749 924 798 24,
953 749 1035 790 20:
1059 748 1224 790 «nitido
1250 747 1347 790 fidit
1372 748 1616 791 adultero».
1634 774 1692 778 —

164 864 167 867 ,
200 826 367 868 vestem
391 822 665 881 Sepositam,
690 839 747 868 sc.
766 825 823 868 ad
839 826 976 868 festos
1002 825 1122 876 dies;
1148 826 1451 880 intellegenda
1468 831 1533 868 est
1558 827 1690 881 palla,

201 902 347 956 qualis
372 901 498 945 decet
523 902 840 953 citharoedum;
866 904 920 946 cf.
948 902 1026 946 Ov.
1052 903 1159 946 Met.
1186 903 1261 946 XI.
1295 905 1389 946 166.
1417 903 1470 946 de
1487 904 1694 959 Apolline

198 979 467 1022 citharoedo:
501 980 669 1023 «Vertit
705 980 894 1023 humum
929 981 1060 1034 Tyrio
1098 982 1297 1023 saturata
1337 981 1504 1023 murice
1545 971 1689 1035 palla»

204 1059 249 1098 et
273 1055 404 1100 Bhet.
431 1057 488 1099 ad
511 1056 709 1101 Herenn.
736 1059 776 1107 4,
805 1059 886 1101 60:
920 1058 1213 1100 «citharoedus
1238 1071 1340 1100 cum
1377 1057 1592 1113 prodierit
1618 1071 1694 1113 op-

204 1133 312 1175 time
350 1134 551 1185 vestitus,
588 1134 710 1189 palla
746 1135 996 1177 inaurata».
1022 1159 1079 1163 —
1113 1134 1276 1192 lonyas
1303 1169 1311 1176 .
1342 1169 1350 1177 .
1382 1169 1391 1177 .
1421 1147 1592 1190 comas,
1627 1135 1695 1177 in-

204 1212 384 1260 tonsas;
422 1210 475 1252 cf.
516 1210 616 1253 adn.
657 1224 792 1265 supra
817 1211 872 1253 ad
908 1212 943 1254 Ι.
970 1213 1010 1261 4,
1040 1213 1121 1254 38:
1154 1211 1291 1254 «Nam
1327 1211 1453 1254 decet
1488 1213 1696 1255 intonsus

202 1286 340 1329 crinis
364 1289 600 1342 uMque
639 1287 812 1330 deum».
840 1313 898 1317 —
927 1288 1035 1332 bene
1071 1291 1207 1344 pecte,
1231 1289 1404 1344 capillis
1442 1290 1491 1331 in
1527 1289 1696 1331 nodum

201 1363 430 1418 eleganter
467 1364 664 1406 collectis
677 1379 689 1415 ;
728 1366 780 1407 cf.
809 1365 910 1408 adn.
950 1379 1086 1420 supra
1123 1365 1179 1408 ad
1202 1380 1266 1408 vs.
1294 1368 1346 1409 5:
1380 1366 1503 1421 «Ipse
1542 1367 1696 1409 trium-

200 1441 369 1496 phali».
396 1467 455 1471 —
479 1440 683 1486 Saturno
707 1455 812 1500 φερε
842 1444 1000 1500 fuyato
1035 1443 1203 1488 Victori
1230 1442 1387 1488 laudes
1413 1445 1699 1488 concinuisse

202 1515 316 1572 Iovi,
340 1518 501 1574 Apollo
526 1533 682 1574 paeana
707 1523 858 1562 cantat
887 1521 983 1563 Iovi
1006 1521 1189 1572 victori;
1228 1522 1281 1563 cf.
1310 1519 1463 1564 Senec.
1490 1522 1568 1576 Ag.
1598 1523 1697 1565 399.

206 1608 298 1650 sqq.
326 1595 384 1638 ad
406 1596 685 1652 Apollinem:
717 1598 844 1640 «licet
870 1600 915 1640 et
939 1598 1105 1640 chorda
1141 1599 1343 1652 graviore
1383 1611 1527 1648 sonem
1569 1599 1697 1653 quale

203 1673 408 1724 canebas,
434 1687 535 1716 cum
561 1674 742 1717 Titanas
767 1676 954 1718 fulmine
978 1676 1120 1719 victos
1145 1676 1293 1718 videre
1320 1676 1434 1719 dei».

262 1748 314 1792 V.
344 1751 530 1794 11—16.
564 1751 744 1807 procul,
783 1766 836 1795 ex
873 1753 1132 1807 longinquo,
1160 1754 1295 1807 iunge
1321 1767 1423 1796 cum
1462 1752 1600 1796 vides.
1641 1778 1700 1783 —

203 1827 420 1869 eventura
443 1826 582 1881 vides,
606 1831 656 1870 ut
679 1829 816 1883 Lygd.
844 1831 884 1880 4,
912 1830 1102 1872 47—48.
1128 1830 1288 1884 Apollo
1315 1830 1368 1872 de
1396 1843 1468 1872 se:
1492 1831 1570 1872 «At
1587 1831 1699 1873 mihi

206 1903 400 1945 fatorum
439 1904 559 1958 leges
597 1906 765 1960 aevique
804 1907 942 1948 futuri
966 1906 1192 1949 Eventura
1228 1910 1355 1962 pater
1390 1921 1522 1962 posse
1553 1908 1700 1951 videre

208 1979 372 2022 dedit».
399 2005 457 2009 —-
485 1981 568 2024 tibi
593 1980 771 2025 deditus
796 1995 950 2040 auyur
974 1986 1069 2035 etc„
1098 1983 1257 2026 alludit
1293 1984 1350 2026 ad
1375 1986 1462 2026 tria
1487 1985 1699 2027 vaticina-

207 2057 346 2099 tionis
370 2071 545 2112 genera,
574 2059 630 2101 ad
669 2059 915 2114 augurium,
955 2060 1233 2115 sortilegium
1271 2064 1316 2103 et
1352 2062 1698 2116 haruspicinam,

205 2138 256 2176 ut
297 2147 430 2189 supra
460 2135 494 2178 L
522 2137 563 2186 8,
591 2138 732 2180 3—4:
764 2137 875 2179 «Nec
912 2137 1025 2179 mihi
1064 2141 1170 2180 sunt
1207 2141 1360 2189 sortes,
1401 2153 1482 2181 nec
1523 2139 1702 2181 conscia

205 2210 318 2254 fibra
354 2210 551 2263 deorum,
577 2212 782 2255 Praecinit
818 2217 1001 2257 eventus
1039 2228 1120 2257 nec
1157 2215 1269 2257 mihi
1294 2219 1452 2258 cantus
1479 2216 1616 2258 avis».
1643 2241 1702 2245 —

216 2286 316 2331 Tibi
341 2287 539 2342 deditus,
563 2289 643 2332 tibi
668 2291 876 2341 serviens,
904 2294 955 2334 ut
979 2306 1114 2347 supra
1138 2293 1171 2335 Ι.
1202 2294 1241 2344 2,
1269 2294 1471 2336 97—98:
1504 2307 1703 2348 «semper

208 2364 291 2406 tibi
333 2364 481 2407 dedita
527 2365 660 2408 servit
699 2366 828 2409 Mens
867 2381 1010 2411 mea».
1049 2394 1107 2398 —
1148 2369 1296 2425 quid.
1325 2403 1335 2412 .
1363 2405 1371 2412 .
1401 2372 1548 2414 cantet
1590 2370 1704 2424 avis,

207 2440 368 2484 alludit
405 2441 461 2484 ad
496 2443 858 2486 vaticinationem
896 2458 975 2500 per
1011 2446 1211 2496 oscines;
1250 2448 1303 2489 cf.
1343 2447 1444 2489 adn.
1473 2461 1606 2502 supra
1649 2447 1705 2489 ad

208 2517 242 2560 L
271 2519 311 2567 8,
338 2520 391 2561 4:
424 2522 605 2562 «cantus
631 2520 767 2563 avis».
784 2545 843 2550 —
867 2520 955 2578 fati
979 2522 1188 2578 provida,
1212 2526 1263 2566 ut
1287 2523 1365 2567 Ov.
1383 2524 1488 2567 Met.
1507 2524 1604 2566 XII.
1627 2526 1701 2566 18:

214 2594 331 2637 «veri
354 2594 566 2650 providus
591 2609 773 2652 augur».
790 2622 848 2627 —
865 2601 1024 2654 sortes,
1050 2600 1352 2655 sortilegium;
1379 2601 1431 2643 cf.
1451 2601 1551 2643 adn.
1571 2614 1705 2655 supra

211 2670 269 2712 ad
292 2671 326 2715 L
355 2674 394 2722 8,
425 2674 475 2715 3:
509 2676 717 2716 «sortes».
743 2699 802 2704 —
820 2677 1072 2732 praesentit,
1098 2690 1155 2719 sc.
1183 2678 1359 2728 futura;
1398 2678 1600 2720 absolute
1627 2691 1703 2732 po-

209 2747 360 2791 situm.
388 2774 445 2778 —
471 2747 670 2794 Lubrica
694 2784 702 2792 .
734 2785 743 2793 .
772 2784 781 2793 .
808 2753 932 2807 exta,
955 2755 1007 2795 ut
1030 2766 1117 2804 cor,
1145 2754 1278 2797 iecur.
1302 2779 1361 2783 ——
1386 2754 1519 2809 notis,
1545 2756 1597 2796 ef.
1626 2754 1702 2796 Ov.

1498 2836 1561 2870 18*
