1942 3132
282 219 352 254 244
838 235 893 264 AD
914 236 961 265 11.
985 234 1018 273 4,
1046 234 1208 264 15—20.

282 351 380 400 brae,
408 353 458 392 ut
482 351 608 404 Verg.
635 351 727 393 Ecl.
756 353 794 402 8,
826 354 892 394 14.
921 355 964 394 et
989 353 1097 394 Aen.
1124 352 1179 393 II.
1209 353 1307 393 621.
1335 375 1391 379 -—
1419 352 1538 395 tm‘stz·
1564 353 1768 408 tempora

283 426 384 483 felle
409 426 604 477 madent,
636 428 843 471 audacter
867 429 1060 478 dictum3
1094 430 1146 470 cf.
1175 428 1252 471 Ov.
1278 428 1374 470 Am.
1413 430 1446 470 Ι.
1484 431 1522 478 6,
1564 431 1765 472 55—56:

288 505 538 559 «vitreoque
569 506 795 548 madentia
835 521 933 548 rore
970 508 1229 560 Tempora».
1256 530 1315 534 —
1340 505 1470 555 tristi,
1510 519 1687 556 amaro;
1713 507 1766 548 cf.

283 581 383 623 adn.
412 582 466 622 ad
491 581 526 623 Ι.
554 584 592 633 5,
623 584 703 625 50:
737 584 919 625 «Tristia
946 599 1044 626 cum
1072 584 1211 625 multo
1230 583 1390 637 pocula
1408 583 1511 624 felle
1528 583 1693 624 bibat».
1710 608 1769 612 —

281 657 383 712 felle
409 656 608 708 madent,
636 658 788 700 eadem
813 660 946 701 verba
969 661 1016 701 in
1041 659 1128 701 fine
1155 659 1425 713 pentametri
1453 658 1530 700 Ov.
1558 660 1606 700 A.
1634 659 1683 701 A.
1709 659 1765 701 ΙΙ.

283 735 392 775 520:
427 733 557 784 «Quae
589 735 795 788 patimur,
823 736 964 777 multo
1005 736 1174 789 spicula
1201 718 1308 776 felle⁴
1341 735 1564 777 madent».
1593 760 1651 764 —-—
1675 733 1766 778 Nec·

277 811 473 865 prosunt
514 810 640 867 eleyl.
682 824 738 852 ne
780 812 1049 853 carminibus
1092 811 1270 865 quidem
1309 811 1537 853 amatoriis
1575 811 1767 853 flectitur

282 887 446 940 puella.
473 911 531 916 ——
555 885 646 930 Illa
672 900 784 930 cava
803 888 1005 942 pretium
1040 888 1221 944 flagyitat
1257 900 1402 943 usque
1439 900 1595 937 manu,
1634 890 1766 942 poeta

283 964 469 1005 fortasse
497 966 598 1005 ante
625 965 775 1006 oculos
789 965 944 1006 habuit
962 964 1182 1006 Stratonis
1201 965 1473 1019 epigramma
1498 966 1646 1017 (Anth.
1671 965 1763 1007 Pal.

282 1040 378 1082 XII.
407 1042 503 1091 212,
535 1042 703 1093 3—4.):
732 1040 815 1098 Τὴν
842 1046 948 1098 χέρα
975 1057 1044 1098 μοι
1068 1043 1210 1099 κοίλην
1236 1045 1558 1098 προσενήνοχας·
1585 1040 1640 1088 ὡς
1666 1039 1765 1084 ἀπό-

282 1118 410 1160 λωλα.
438 1116 602 1160 Μισθὸν
626 1116 728 1166 ἴσως
759 1116 899 1166 αἰτεῖς.
929 1143 986 1148 --
1012 1131 1123 1161 cava
1146 1152 1153 1160 .
1181 1153 1188 1160 .
1215 1153 1222 1160 .
1258 1131 1414 1170 manu,
1442 1120 1592 1172 palma
1614 1118 1667 1160 ad
1692 1132 1766 1172 pe-

283 1195 460 1236 cuniam
487 1195 788 1249 accipiendam
814 1199 1040 1249 porrecta;
1083 1196 1135 1237 cf.
1174 1196 1301 1249 Prop.
1336 1196 1370 1237 Ι.
1413 1197 1449 1245 3,
1492 1197 1572 1237 24:
1619 1195 1767 1236 «Nunc

284 1271 444 1313 furtiva
484 1271 601 1313 cavis
642 1284 776 1325 poma
817 1270 977 1312 dabam
1016 1272 1246 1313 manibus»
1293 1275 1336 1313 et
1375 1270 1493 1313 Suet.
1534 1272 1642 1325 Aug.
1685 1273 1767 1314 91:

289 1347 473 1401 «stipem
499 1347 738 1401 quotannis
778 1346 847 1388 die
875 1350 992 1388 certo
1023 1347 1327 1389 emendicabat
1365 1351 1438 1399 (80.
1478 1348 1717 1401 Augustus)
1743 1361 1768 1389 a

283 1424 460 1478 popu10‚
489 1437 640 1465 cavam
667 1436 851 1464 manum
879 1437 999 1465 asses
1026 1424 1355 1478 porrigentibus
1381 1424 1627 1479 praebens»,

341 1500 390 1542 V.
423 1501 607 1542 15—20.
649 1497 755 1542 Non
793 1512 870 1555 090
909 1512 1000 1552 vos,
1040 1504 1090 1544 ut
1130 1501 1222 1543 sint
1256 1500 1374 1543 bella
1412 1500 1630 1550 canenda,
1659 1501 1766 1550 cole,

283 1579 388 1619 nolo
408 1577 595 1618 scribere
612 1590 789 1618 carmen
811 1576 1064 1626 heroicum3
1087 1577 1132 1618 id
1158 1578 1277 1619 enim
1302 1591 1395 1619 non
1420 1577 1559 1619 flectit
1582 1578 1767 1631 puellas,

284 1656 333 1695 ut
360 1654 493 1695 etiam
518 1653 646 1706 Prop.
673 1654 729 1695 ΙΙ.
759 1655 824 1703 34,
854 1655 1044 1696 45—46.
1073 1654 1201 1696 dicit:
1248 1655 1335 1696 «Tu
1360 1668 1452 1696 non
1490 1655 1766 1706 Antimacho,

284 1745 376 1772 non
401 1731 539 1772 tutior
563 1730 646 1771 ibis
684 1730 904 1772 Homero:
946 1731 1145 1785 Despicit
1184 1734 1226 1773 et
1251 1745 1438 1785 magnos
1477 1734 1595 1773 recta
1619 1732 1770 1786 puella

284 1807 432 1848 deos».
459 1830 517 1834 —
542 1804 635 1848 Nec
658 1806 803 1862 refero
832 1809 926 1857 etc„
953 1807 1058 1848 nolo
1086 1807 1274 1849 scribere
1301 1821 1478 1849 carmen
1507 1808 1770 1850 didacticum

285 1884 337 1925 de
364 1897 511 1925 rerum
532 1886 703 1934 natura,
733 1886 783 1925 ut
809 1883 937 1937 Prop.
964 1884 1021 1925 ΙΙ.
1050 1885 1119 1934 34,
1146 1886 1335 1927 51—52.
1375 1885 1427 1926 de
1453 1885 1617 1939 puellis
1642 1884 1767 1926 dicit:

291 1961 486 2003 «Harum
511 1961 638 2002 nulla
669 1962 782 2002 solet
807 1961 1026 2002 rationem
1055 1975 1248 2015 quaerere
1273 1962 1442 2013 mundi,
1469 1963 1558 2003 Aut
1583 1976 1659 2003 cur
1683 1963 1769 2003 fra-

284 2038 423 2079 ternis
448 2037 556 2078 luna
582 2037 752 2078 laboret
785 2037 952 2090 equis».
978 2036 1037 2065 '——
1061 2037 1207 2093 refero
1234 2037 1431 2093 solisque
1457 2038 1556 2081 vias
1584 2040 1624 2080 et
1649 2050 1768 2093 qua-

287 2115 356 2165 lis,
383 2114 463 2157 ubi
495 2114 649 2157 orbem
677 2113 936 2169 Complevit,
964 2114 1104 2156 versis
1132 2114 1244 2156 luna
1268 2115 1462 2157 recurrit
1488 2115 1627 2170 equis,
1644 2128 1769 2169 argu-

284 2194 485 2232 mentum
531 2190 740 2231 carminis
780 2190 832 2231 de
879 2202 1026 2231 rerum
1071 2192 1256 2240 natura3
1301 2193 1434 2244 poeta
1477 2194 1579 2232 ante
1621 2192 1770 2233 oculos

286 2268 495 2309 habuisse
518 2267 691 2309 videtur
717 2266 846 2320 Prop.
874 2267 952 2308 ΙΙΙ.
987 2269 1027 2308 5.
1054 2266 1146 2319 (ubi
1187 2267 1332 2320 agitur
1372 2268 1425 2308 de
1452 2268 1769 2322 quaestionibus

284 2343 581 2397 philosophiae
607 2343 841 2394 naturalis)
868 2356 953 2385 vss.
995 2344 1184 2384 27—28.
1225 2346 1267 2384 et
1306 2343 1386 2384 34:
1432 2343 1572 2385 «unde
1610 2343 1771 2385 coactis

286 2420 500 2462 Cornibus
528 2421 575 2461 in
601 2421 785 2475 plenum
810 2422 1038 2462 menstrua
1062 2420 1171 2461 luna
1184 2420 1297 2461 redit
1318 2452 1328 2462 .
1352 2452 1361 2461 .
1387 2452 1397 2461 .
1427 2419 1543 2462 Solis
1558 2422 1602 2462 et
1617 2420 1770 2462 atratis

284 2497 446 2538 luxerit
472 2497 588 2538 orbis
617 2498 763 2550 equis»
785 2512 795 2547 3
829 2498 881 2538 cf.
909 2498 1037 2551 Verg.
1063 2498 1172 2539 Aen.
1204 2498 1239 2539 Ι.
1279 2499 1378 2539 742.
1405 2498 1458 2539 de
1484 2498 1617 2552 Iopa:
1662 2496 1770 2539 «Hic

285 2574 404 2615 canit
431 2577 651 2615 errantem
677 2575 831 2616 lunam
860 2576 1052 2629 solisque
1067 2575 1241 2616 labores
1251 2590 1266 2612 »
1290 2578 1333 2616 et
1351 2574 1427 2616 Ge.
1445 2574 1502 2615 II.
1519 2573 1768 2615 477—478.

286 2649 338 2691 de
363 2649 530 2691 Musis:
576 2650 741 2701 «(mihi)
778 2651 958 2704 caelique
997 2651 1091 2692 vias
1130 2654 1174 2692 et
1211 2650 1355 2692 sidera
1391 2650 1650 2699 monstrent,
1683 2647 1769 2689 De-

286 2727 424 2768 fectus
452 2726 557 2768 solis
583 2727 730 2768 varios
768 2727 971 2780 lunaeque
1003 2727 1220 2768 labores».
1246 2750 1304 2755 -—
1329 2725 1524 2780 solisque
1551 2725 1665 2778 view,
1691 2737 1769 2766 an-
