1942 3132
322 211 392 247 320
928 226 1140 255 exconsus
1162 226 1209 255 11.

481 340 549 378 An
577 343 628 386 te,
661 341 799 392 Cydne
828 354 986 387 canam,
1016 342 1158 379 tractis
1188 341 1256 390 qui
1284 341 1434 379 leniter
1459 342 1582 380 undis

536 411 740 451 Caeruleus
769 412 941 462 placidis
970 424 1044 462 per
1069 411 1174 450 vada
1204 412 1333 461 serpis
1363 413 1494 461 aquis,

483 482 669 529 Quantus
698 485 738 521 et
766 483 935 521 aetherio
965 484 1208 531 contingens
1235 483 1387 520 vertice
1415 482 1543 521 nubes

535 553 726 602 Frigidus
755 554 942 593 intonsos
972 553 1128 591 Taurus
1158 552 1240 591 alat
1268 551 1442 591 Cilicas?

482 623 589 670 Quid
616 623 802 669 referam,
833 625 878 661 ut
903 623 1049 662 volitet
1076 622 1252 660 celebres
1281 623 1436 660 intacta
1462 634 1535 672 per
1562 623 1682 662 urbes

534 693 637 732 Alba
664 694 884 732 Palaestino
913 695 1054 732 sancta
1082 693 1269 732 columba
1298 692 1413 742 Syro,

482 764 617 813 thue
646 765 772 811 maris
800 765 959 802 vastum
989 765 1220 813 prospectet
1247 764 1427 802 turribus
1456 776 1595 813 aequor

536 835 676 873 Prima
702 836 835 873 ratem
862 836 995 873 ventis
1026 833 1186 873 credere
1216 834 1334 873 docta
1363 835 1500 885 Tyros,

482 907 621 954 Qualis
651 908 702 952 et,
732 907 893 944 arentes
923 918 1015 944 cum
1043 906 1163 944 findit
1193 905 1321 944 Sirius
1351 918 1481 954 agros,

534 977 699 1016 Fertilis
728 978 868 1015 aestiva
896 977 1012 1015 Nilus
1042 977 1220 1015 abundet
1249 979 1383 1026 aqua?

322 1108 448 1152 Unde
470 1109 726 1150 Messallam
747 1108 796 1149 in
817 1107 982 1157 Cilicia,
1003 1107 1139 1161 Syria,
1159 1108 1384 1149 Phoenicia
1402 1110 1445 1149 et
1460 1108 1657 1162 Aegypto
1676 1108 1812 1151 fuisse

324 1189 519 1241 apparet.
1239 1191 1241 1194 “

380 1263 603 1305 Tibullum
628 1262 744 1304 bello
771 1262 1033 1315 Aquitanico
1057 1262 1264 1302 comitem
1284 1262 1504 1303 Messallae
1528 1262 1664 1304 fuisse
1685 1260 1812 1304 docet

320 1340 465 1382 brevis
502 1338 603 1382 Vita
636 1337 804 1381 Tibulli
830 1339 876 1379 in
898 1338 1123 1380 codicibus
1146 1339 1385 1392 elegiarum
1409 1341 1603 1380 servata:
1633 1339 1810 1382 «Albius

320 1416 599 1458 Tibullus...
630 1418 731 1457 ante
771 1415 881 1456 alios
919 1414 1159 1457 Corvinum
1196 1414 1452 1456 Messallam
1490 1417 1708 1457 oratorem
1747 1414 1811 1456 di-

320 1494 436 1543 lexit,
466 1494 591 1534 cuius
615 1493 747 1534 etiam
770 1491 1101 1533 contubernalis
1121 1491 1384 1545 Aquitanico
1408 1491 1522 1533 bello
1544 1490 1810 1533 militaribus

321 1571 450 1612 donis
477 1570 667 1612 donatus
694 1573 799 1611 est.»
831 1569 966 1610 Poeta
991 1569 1086 1621 ipse
1118 1581 1163 1609 se
1201 1568 1248 1608 in
1287 1566 1432 1609 Gallia
1463 1581 1563 1609 cum
1598 1567 1808 1609 Messalla

320 1647 455 1688 fuisse
482 1649 632 1687 narrat
658 1646 690 1687 Ι.
721 1647 760 1696 7,
789 1646 957 1686 9-—122

478 1751 571 1789 Non
599 1751 687 1788 sine
717 1763 781 1788 me
812 1752 872 1788 est
899 1749 975 1788 tibi
1004 1752 1145 1799 partus
1173 1749 1329 1788 honos:
1359 1748 1546 1787 Tarbella
1572 1748 1729 1798 Pyrene

532 1822 663 1860 Testis
691 1823 731 1859 et
761 1821 912 1860 Oceani
941 1822 1080 1859 littora
1109 1820 1332 1867 Santonici,

479 1893 609 1931 Testis
638 1891 741 1930 Arar
770 1891 1075 1940 Rhodanusque
1105 1891 1209 1930 celer
1238 1903 1488 1940 magnusque
1519 1890 1716 1930 Garunna

492 1996 496 2002 .
535 1964 725 2003 Carnutis
754 1965 794 2001 et
822 1962 916 2000 flavi
947 1962 1092 2001 caerula
1120 1962 1289 2012 lympha
1316 1962 1452 2010 Liger.

320 2108 542 2149 Tibullum
570 2108 702 2149 etiam
730 2108 784 2148 ad
811 2107 1136 2160 expeditionem
1164 2105 1425 2147 orientalem
1455 2104 1711 2146 Messallam
1744 2117 1808 2146 se-

321 2185 394 2239 qui
422 2185 615 2226 voluisse
644 2185 850 2226 docemur
876 2183 1068 2237 propriis
1093 2185 1234 2236 poetae
1259 2182 1403 2224 verbis
1429 2181 1477 2234 (I.
1507 2182 1544 2231 3,
1577 2181 1744 2233 1-3.):

479 2301 598 2340 Ibitis
628 2301 793 2350 Aegaeas
823 2302 912 2340 sine
942 2314 1019 2347 me,
1048 2300 1250 2345 Messalla,
1280 2312 1352 2349 per
1380 2298 1523 2345 undas,

534 2372 566 2411 O
596 2373 757 2411 utinam
785 2385 986 2411 memores
1015 2373 1102 2421 ipse
1132 2372 1356 2420 cohorsque
1385 2370 1490 2407 mei:

480 2444 545 2482 Me
575 2445 687 2481 tenet
715 2444 867 2492 ignotis
897 2456 1049 2492 aegrum
1077 2443 1265 2480 Phaeacia
1292 2442 1423 2480 terris.

320 2567 529 2610 Messalla
553 2568 688 2621 igitur
712 2581 790 2620 per
821 2581 942 2608 mare
980 2568 1187 2620 Aegaeum
1225 2565 1448 2618 navigavit
1485 2566 1532 2606 in
1569 2563 1805 2613 Orientem,

321 2644 520 2686 Tibullus
547 2647 694 2684 autem
719 2647 908 2697 aegrotus
934 2644 1148 2684 remansit
1174 2643 1222 2683 in
1246 2641 1394 2683 insula
1420 2641 1616 2694 Corcyra.

383 2719 509 2772 Quod
536 2720 591 2761 ad
617 2719 817 2761 ordinem
854 2722 1118 2772 iemporum,
1157 2733 1242 2772 quo
1281 2719 1394 2759 bella
1430 2716 1649 2759 Messallae
1685 2718 1809 2770 gesta
