1942 3132
326 214 397 250 330
914 226 1132 256 EXGURSUS
1153 226 1227 254 v11.

326 347 461 387 Poeta
487 347 636 387 autem
662 346 756 399 ipse
783 346 875 386 haec
902 346 1025 398 optat
1051 342 1257 390 Cornuto,
1286 341 1376 382 iam
1409 341 1583 390 marito,
1623 341 1818 386 natalem

330 422 476 476 agenti
503 422 573 474 (II.
603 423 642 472 2,
673 422 898 472 17—20.):

488 531 595 571 Vota
624 531 800 571 cadunt:
828 532 989 569 utinam
1019 527 1329 578 strepitantibus
1359 526 1521 565 advolet
1550 526 1625 564 alis

544 601 749 652 Flavaque
778 602 967 650 coniugio
995 599 1159 639 vincula
1186 599 1323 647 portet
1350 595 1487 643 Amor,

493 673 679 720 Vincula,
711 685 798 723 quae
827 673 1023 710 maneant
1052 681 1224 719 semper,
1254 668 1352 706 dum
1379 668 1498 706 tarda
1526 669 1710 707 senectus

543 743 720 782 Indueat
747 754 868 791 rugas
896 741 1133 790 inficiatque
1164 751 1313 778 comae.

331 880 385 920 In
411 879 494 921 hae
519 879 783 933 repetitione
810 877 1047 919 consilium
1073 878 1214 930 poetae
1234 887 1482 928 vagnoscere
1508 872 1619 914 mihi
1646 872 1821 913 videor:

332 956 450 998 idem
479 958 601 1009 optat
627 969 746 997 nuno
772 954 1045 1008 coniugibus,
1087 953 1203 1007 quod
1241 951 1494 993 amantibus
1533 951 1637 991 ante
1671 947 1823 989 matri-

334 1033 535 1075 monium
563 1031 743 1086 optavit.

393 1109 439 1151 L.
468 1108 539 1150 IV.
569 1110 608 1157 5,
641 1109 824 1150 17-20.
853 1107 1077 1148 inducitur
1103 1106 1355 1156 Cerinthus,
1383 1103 1555 1164 iuvenis
1584 1100 1822 1149 modestus,

334 1185 402 1226 die
430 1185 570 1227 natali
598 1183 739 1226 Genio
768 1183 1030 1232 sacrificans,
1060 1195 1190 1236 quem
1216 1179 1380 1235 pudeat
1402 1164 1599 1221 amorem
1622 1176 1825 1229 Sulpioiae

332 1262 482 1315 palam
510 1275 687 1314 rogare:

497 1366 621 1416 Optat
647 1366 758 1404 idem
785 1365 957 1410 iuvenis,
990 1363 1096 1413 quod
1125 1376 1213 1409 noe,
1244 1362 1314 1401 sed
1341 1362 1488 1400 tectius
1517 1360 1654 1409 optat:

549 1438 654 1476 Nam
684 1437 809 1486 pudet
837 1437 925 1474 haee
952 1435 1071 1473 illum
1100 1435 1232 1473 dicere
1260 1434 1383 1473 verba
1409 1433 1559 1483 palam.

497 1508 551 1546 At
579 1510 635 1552 tu,
665 1508 836 1553 Natalia
868 1507 1062 1556 quoniam
1093 1505 1192 1543 deus
1221 1505 1360 1544 omnia
1389 1503 1527 1548 sentis,

549 1577 717 1616 Adnue:
749 1577 847 1626 quid
873 1576 1010 1622 refert,
1040 1578 1198 1614 clamne
1227 1575 1418 1624 palamne
1445 1573 1588 1621 roget?

335 1721 501 1762 Eadem
530 1722 596 1761 est
621 1719 805 1761 Cornuti
830 1717 1060 1767 modestia,
1089 1723 1220 1771 quem
1244 1716 1299 1757 Π.
1329 1717 1367 1765 2,
1393 1715 1550 1757 9-11.
1573 1715 1706 1767 poeta
1729 1712 1827 1753 hor-

337 1801 467 1847 tatur,
496 1799 545 1838 ut
570 1798 672 1838 vota
701 1795 843 1838 Genio
872 1808 951 1836 suo
978 1795 1128 1848 palam
1155 1795 1368 1835 fateatur:

499 1907 664 1946 Adnuat
693 1908 743 1952 et,
775 1906 965 1949 Cornute‚
996 1904 1083 1950 tibi,
1116 1903 1396 1953 quodcumque
1424 1899 1597 1949 rogabis.

553 1977 618 2015 En
648 1990 732 2025 age,
764 1976 863 2026 quid
891 1977 1053 2014 cessas?
1081 1974 1238 2013 Adnuit
1264 1973 1357 2011 ille:
1386 1984 1494 2020 roga.

500 2048 698 2096 Auguror,
729 2048 867 2085 uxoris
896 2046 999 2085 fidos
1028 2044 1189 2095 optabis
1219 2055 1388 2082 amores.

626 2283 718 2323 VII.
750 2283 828 2322 Cui
857 2283 915 2321 sit
943 2282 970 2321 1.
990 2281 1061 2321 IV.
1083 2281 1195 2330 eleg.
1225 2283 1261 2319 7.
1287 2277 1547 2319 tribuenda?

402 2411 450 2452 L.
478 2410 549 2450 IV.
579 2409 685 2461 eleg.
716 2410 752 2449 7.
782 2422 885 2457 non,
913 2410 964 2449 ut
989 2406 1168 2461 quidam
1194 2405 1362 2454 volunt,
1391 2403 1577 2453 Tibullo,
1618 2402 1696 2443 sed
1734 2401 1830 2444 Sul-

343 2486 467 2541 piciae
494 2485 580 2538 ipsi
606 2484 867 2525 tribuimus:
905 2486 970 2524 est
1009 2483 1128 2524 enim
1167 2481 1398 2535 aptissima
1435 2479 1661 2522 conclusio
1701 2478 1830 2531 elegi-

344 2562 517 2604 diorum
544 2562 597 2603 ab
625 2574 676 2602 ea
703 2562 979 2613 scriptorum,
1007 2561 1058 2600 ut
1084 2559 1234 2600 statim
1258 2557 1518 2600 videbimus.

405 2638 600 2692 Sulpicia
628 2641 746 2679 amat
772 2637 1032 2678 Cerinthum
1053 2637 1194 2676 matre
1216 2634 1354 2676 invita
1376 2634 1444 2685 (of.
1464 2633 1535 2674 IV.
1555 2633 1594 2681 6,
1617 2631 1830 2682 15--16.).

343 2716 517 2756 Furtim
542 2714 754 2768 epistulas
775 2713 975 2754 versibus
999 2712 1184 2765 scriptas
1205 2711 1344 2752 mittit
1365 2711 1417 2759 ei,
1441 2722 1563 2751 more
1585 2708 1832 2750 amantium
