1942 3132
264 225 342 260 -194
839 240 893 268 AD
915 241 945 269 1.
969 238 1002 277 7,
1027 238 1192 268 59—64.

204 349 208 353 ’
271 356 473 410 geminas
512 355 752 397 ostendunt
789 356 983 398 culmina
1020 360 1186 398 turres»
1196 371 1206 405 ;
1246 358 1371 397 erant
1410 360 1558 398 autem
1583 356 1762 399 Tusculi

273 435 316 473 et
342 431 501 472 Tibure
527 432 642 473 villae
668 445 939 473 marmoreae.
968 432 1108 473 Villas
1139 431 1602 486 magnificentissimas
1628 433 1761 474 habe-

273 509 381 549 bant
407 509 455 550 in
480 510 630 549 monte
656 508 827 549 Albano
865 508 1036 551 nobiles
1061 508 1264 558 Romani,
1294 522 1389 562 quae
1416 522 1465 550 ex
1504 508 1763 565 editioribus

274 583 425 625 Romae
452 584 650 638 partibus
678 585 924 638 conspicuae
952 587 1102 635 erant;
1129 586 1181 625 cf.
1211 584 1296 626 Cic.
1326 584 1380 625 ad
1403 585 1490 626 Att.
1508 584 1589 626 JV.
1617 586 1681 635 1‘1,
1715 586 1762 634 13

276 659 394 702 Suet.
423 660 521 702 Ner.
552 662 620 703 25.
650 663 693 702 et
717 660 844 703 Dom.
874 662 914 703 4.
942 687 1000 689 —
1027 661 1215 716 antiquo
1255 659 1390 716 Lare,
1416 660 1633 703 ablativus
1659 674 1764 714 qua-

274 737 438 778 litatis:
483 751 577 791 quae
619 738 851 792 antiquum
892 738 1050 781 Larem
1092 738 1237 786 habet,
1279 750 1405 791 ergo:
1450 737 1631 790 antiqua
1673 740 1739 778 est
1753 752 1764 787 ;

276 816 370 855 erat
396 814 515 855 enim
540 814 651 856 Alba
678 815 912 869 antiquior,
939 828 1073 868 quam
1100 815 1240 855 Roma
1255 828 1265 864 ;
1304 815 1423 855 hunc
1448 815 1595 855 locum
1620 814 1764 856 imita·
1809 813 1811 815 ’

275 892 348 931 tur
386 889 492 932 Stat.
535 890 637 933 Silv.
665 892 736 933 IV.
765 894 804 941 5,
834 893 913 934 21:
949 891 1068 943 «Qua
1104 892 1250 944 prisca
1288 891 1475 933 Teucros
1513 891 1624 932 Alba
1661 891 1766 932 colit

275 966 454 1008 Lares».
482 968 628 1009 Etiam
655 969 784 1011 urbes
811 968 1036 1010 habebant
1060 969 1208 1020 Lares,
1238 969 1328 1022 agri
1357 968 1523 1021 publici
1548 967 1766 1019 custodes,

277 1043 394 1086 unde
422 1043 561 1087 Lases
588 1047 636 1087 in
662 1046 973 1099 antiquissimo
1002 1047 1186 1086 fratrum
1211 1045 1436 1086 Arvalium
1463 1045 1656 1085 carmine
1688 1057 1767 1097 pro

278 1122 419 1162 salute
447 1122 538 1175 agri
565 1121 754 1163 Romani
781 1123 1047 1163 invocantur
1072 1122 1138 1173 (cs.
1157 1120 1353 1162 Ritschl:
1381 1121 1511 1162 Prisc.
1530 1120 1626 1161 Lat.
1645 1120 1766 1161 Mon.

273 1197 472 1242 XXXVI.
502 1199 592 1251 A.);
619 1199 756 1240 Lares
795 1199 946 1240 Romae
985 1201 1302 1240 commemorat
1339 1197 1465 1250 Prop.
1506 1197 1583 1238 III.
1619 1198 1657 1248 3,
1690 1197 1767 1238 11:

285 1273 693 1329 «Hannibalemque
720 1276 857 1317 Lares
882 1275 1086 1316 Romana
1112 1274 1212 1316 sede
1240 1275 1486 1327 fugantes».

337 1350 385 1392 V.
416 1353 603 1393 59—64.
632 1352 792 1408 glarea
819 1385 826 1393 .
858 1386 864 1393 .
895 1385 902 1392 .
933 1351 1061 1401 sileae,
1103 1354 1196 1392 erat
1233 1351 1368 1404 igitur
1393 1350 1465 1391 via
1489 1350 1652 1403 partim
1678 1350 1769 1402 gla-

279 1441 366 1478 rea,
407 1428 567 1480 partim
611 1429 732 1470 silice
759 1429 801 1479 (i.
833 1442 866 1469 e.
895 1427 1117 1481 lapidibus
1156 1428 1344 1481 magnis)
1382 1429 1543 1475 strata;
1583 1427 1635 1466 cf.
1674 1426 1768 1467 Liv.

280 1503 392 1546 XLI.
437 1506 505 1554 27,
550 1507 600 1547 5:
636 1518 865 1546 «censores
903 1506 957 1556 (a.
998 1518 1039 1558 p.
1069 1518 1109 1546 u.
1139 1517 1172 1545 c,
1215 1505 1331 1556 578.)
1372 1505 1467 1544 vias
1510 1503 1770 1544 sternendas

283 1580 405 1622 silice
432 1581 478 1622 in
505 1581 622 1632 urbe,
658 1583 815 1635 'glarea
842 1583 961 1622 extra
987 1581 1141 1622 urbem
1169 1579 1485 1622 substruendas
1517 1579 1770 1633 marginan-

282 1657 446 1711 dasque
475 1658 607 1711 primi
636 1658 835 1699 omnium
874 1658 1154 1698 locaverunt»
1163 1672 1174 1705 ς
1201 1657 1313 1697 Plin.
1343 1656 1391 1697 N.
1420 1655 1475 1697 H.
1503 1655 1660 1696 XVIII.
1689 1656 1770 1697 47:

290 1735 455 1776 «fossas
481 1768 490 1776 .
519 1768 528 1776 .
558 1767 567 1776 .
597 1735 719 1776 silice
745 1736 815 1776 vel
841 1735 990 1788 glarea
1017 1734 1197 1775 sterni».
1216 1758 1274 1761 —-
1291 1731 1521 1775 Sternitur
1547 1764 1557 1775 .
1623 1764 1631 1773 .
1661 1731 1770 1774 iun-

283 1812 423 1868 9itur,
447 1815 648 1866 tempore
673 1812 893 1866 praesenti,
923 1813 1026 1865 quia
1042 1812 1114 1852 via
1135 1810 1335 1852 nondum
1363 1812 1455 1851 erat
1482 1809 1697 1851 absoluta.
1716 1834 1772 1837 —

285 1891 395 1944 apta
420 1890 629 1945 iunyitur
655 1892 767 1944 arte,
793 1890 868 1938 ita,
896 1892 945 1930 ut
970 1888 1142 1942 lapides
1166 1889 1267 1940 apte
1286 1887 1546 1928 cohaereant.
1563 1910 1620 1913 —
1638 1884 1775 1938 canit,

285 1965 449 2015 laudat,
478 1969 527 2007 ut
555 1966 703 2009 senec.
731 1966 809 2019 Ep.
840 1966 908 2014 79,
942 1966 1006 2006 13.
1037 1964 1089 2004 de
1115 1964 1330 2017 Epicuro:
1356 1962 1622 2004 «amicitiam
1648 1974 1775 2004 suam

286 2045 329 2083 et
355 2041 595 2084 Metrodori
622 2045 746 2096 grata
772 2041 1193 2083 commemoratione
1221 2040 1382 2088 canit»,
1411 2039 1487 2080 ubi
1512 2051 1605 2079 non
1633 2038 1777 2091 agitur

285 2119 338 2159 de
366 2123 499 2161 cantu
525 2122 602 2161 aut
628 2120 834 2161 carmine.
854 2144 912 2146 —
938 2117 1258 2172 rettuleritque,
1285 2116 1337 2157 de
1363 2115 1654 2157 collocatione
1673 2127 1775 2155 con-

282 2185 529 2238 iunctionis
558 2209 672 2251 -que
699 2197 749 2237 cf.
792 2195 890 2237 adn.
932 2207 1067 2247 supra
1108 2193 1162 2235 ad
1199 2193 1231 2234 I.
1277 2194 1342 2242 10,
1382 2194 1462 2234 51:
1497 2191 1726 2232 «Rusticus
1753 2203 1776 2231 e

286 2275 516 2327 lucoque».
559 2299 614 2301 —
658 2273 843 2320 natalis,
893 2271 986 2312 dies
1032 2270 1222 2319 natalis;
1272 2272 1404 2323 poeta
1450 2268 1562 2309 redit
1609 2266 1775 2316 eodem,

288 2350 406 2391 unde
448 2363 627 2391 exorsus
670 2353 735 2391 est
776 2363 837 2390 vs.
872 2350 905 2390 1.
934 2373 992 2375 —-
1022 2345 1288 2400 Candidior,
1329 2346 1500 2387 felicior
1541 2347 1581 2387 et
1621 2344 1774 2393 laetior‚
1831 2390 1835 2395 ,

290 2426 519 2479 epitheton
548 2427 729 2468 solitum
755 2426 841 2466 diei
868 2425 1056 2473 natalis;
1091 2425 1141 2465 ci.
1172 2423 1247 2465 Ov,
1277 2423 1402 2463 Trist.
1430 2422 1479 2463 V.
1509 2423 1546 2467 5,
1581 2420 1775 2462 13—-142

290 2502 343 2543 de
370 2504 509 2543 natali
535 2504 707 2543 uxoris:
733 2502 933 2555 «Optime
950 2501 1132 2550 Natalis,
1154 2500 1356 2553 quamvis
1372 2498 1526 2553 procul
1553 2497 1774 2544 absumus,

291 2582 396 2632 opto
424 2578 646 2620 Candidus
674 2579 758 2619 huc
785 2579 960 2619 venias»
994 2581 1036 2618 et
1061 2578 1176 2619 Pers.
1207 2576 1294 2618 Sat.
1321 2576 1375 2617 II.
1409 2576 1532 2616 1—2.
1560 2573 1613 2614 de
1639 2572 1778 2614 natali

290 2655 505 2697 Macrini:
552 2655 717 2703 «Hunc,
757 2654 967 2700 Macrine,
1010 2655 1127 2694 diem
1165 2666 1351 2694 numera
1388 2651 1570 2692 meliore
1607 2649 1777 2702 lapillo,

292 2734 377 2785 Qui
403 2733 483 2775 tibi
509 2734 708 2774 labentes
736 2730 920 2784 apponit
947 2729 1160 2771 candidus
1193 2742 1375 2771 annos».
