1942 3132
754 251 811 282 n>
831 252 862 282 1.
885 250 920 290 3,
945 249 1114 281 27—32.
1626 235 1694 273 ¹¹⁷

182 374 382 414 acturam
408 383 506 413 esse
531 369 624 412 dese
650 369 806 424 bisque
831 367 916 419 die,
944 381 1077 411 mane
1105 371 1148 411 et
1173 370 1361 423 vesperi.
1386 383 1487 412 cum
1515 371 1694 413 sollem-

173 447 258 504 ,nia
284 460 409 489 sacra
434 446 604 497 fierent,
632 459 725 489 una
760 458 863 488 cum
901 445 1059 487 ceteris
1098 444 1191 488 deae
1218 446 1464 488 cultoribus
1503 448 1695 500 hymnos

181 525 479 566 cantaturam.
520 548 579 553 —
617 522 795 567 votivas
819 554 830 565 .
858 554 869 564 .
897 554 908 564 .
936 533 1081 573 voces,
1136 534 1303 576 preces,
1360 522 1522 576 quibus
1567 522 1697 565 Delia

182 601 350 656 gratias
378 600 469 643 deae
498 614 546 644 se
574 603 773 644 acturam
796 600 932 643 vovit.
950 624 1010 629 —
1038 599 1131 643 lino
1159 602 1285 650 tecta,
1315 600 1441 642 cuius
1467 612 1577 643 usus
1604 603 1698 642 erat

180 678 230 720 in
256 677 393 719 sacris
427 677 588 722 Isidis:
626 676 738 720 tales
777 677 900 719 enim
936 678 1084 719 vestes
1122 676 1304 731 gerebat
1340 677 1439 731 ipsa
1477 675 1573 728 dea,
1600 680 1694 719 tum

189 754 444 797 sacerdotes
484 758 526 796 et
565 754 758 797 cultores
796 753 907 804 eius,
946 753 1067 796 unde
1104 753 1190 796 Isis
1230 752 1307 796 Ov.
1335 752 1401 795 Ex
1437 753 1565 796 Pont.
1593 754 1626 796 Ι.
1660 756 1696 804 1,

183 833 373 874 51-502.
406 831 616 888 liniyera.
643 829 749 873 Met.
777 830 810 873 L
841 831 941 874 747.
970 830 1166 873 cultores
1198 830 1295 872 eius
1323 830 1523 888 linigera
1562 830 1699 875 turba

182 911 410 951 vocantur.
439 933 498 938 -
524 906 693 962 sedeat,
732 921 790 950 sc.
832 907 971 958 humi,
1012 910 1064 950 ut
1101 908 1410 963 supplicantes
1449 909 1609 959 solent,
1649 911 1698 950 ut

185 985 304 1028 infra
344 985 400 1028 IL
446 987 486 1035 6,
532 986 614 1028 33:
659 984 812 1027 «Illius
850 985 907 1027 ad
947 985 1175 1027 tumulum
1213 986 1382 1040 fugiam
1424 986 1698 1040 supplexque

187 1063 373 1106 sedebo»
422 1065 467 1106 et
505 1062 578 1106 IV.
624 1063 689 1114 13,
734 1063 817 1106 23:
862 1062 974 1106 «Sed
1019 1062 1209 1106 Veneris
1256 1065 1421 1106 sanctae
1467 1063 1699 1106 considam

186 1141 362 1183 vinctus
401 1140 458 1183 ad
497 1153 642 1190 παθη
680 1141 732 1182 cf.
763 1138 840 1182 Ov.
867 1140 965 1182 Am.
994 1140 1050 1182 H.
1085 1142 1150 1191 13,
1185 1142 1250 1184 17.
1279 1140 1332 1182 de
1370 1140 1516 1184 Iside:
1549 1140 1699 1196 «Saepe

188 1218 271 1261 tibi
311 1217 427 1260 sedit
463 1217 596 1260 certis
635 1220 819 1271 operata
858 1217 1039 1260 diebus»
1073 1222 1116 1260 et
1152 1218 1202 1261 A.
1230 1219 1278 1260 A.
1307 1218 1386 1261 HI.
1418 1219 1530 1262 635:
1564 1218 1700 1262 «Cum

189 1295 343 1338 sedeat
377 1295 551 1338 Phariae
591 1296 737 1338 sistris
776 1298 960 1350 operata
996 1296 1219 1338 iuvencae»
1254 1299 1298 1338 et
1330 1296 1394 1338 Ex
1426 1296 1552 1338 Pont.
1596 1296 1629 1338 Ι.
1664 1298 1699 1345 1,

185 1375 390 1417 51—52:
423 1373 549 1415 «Vidi
575 1386 657 1428 ego
683 1373 884 1428 linigerae
910 1387 1082 1416 numen
1102 1374 1298 1417 violasse
1324 1375 1543 1416 fatentem
1568 1372 1701 1416 Isidis

187 1451 356 1495 Isiacos
394 1455 498 1494 ante
538 1451 691 1495 sedere
730 1452 895 1494 focos».
930 1451 1079 1494 Etiam
1107 1451 1300 1506 Cynthia
1338 1451 1573 1506 Propertii,
1600 1465 1703 1494 cum

168 1514 314 1584 'gravi
351 1529 510 1572 morbo
548 1530 785 1580 laboraret,
828 1532 931 1572 ante
969 1530 1090 1572 Iovis
1130 1543 1253 1572 aram
1281 1543 1327 1572 se
1355 1543 1579 1572 sessuram
1605 1543 1702 1583 gra·

189 1607 363 1661 tiaeque
401 1607 485 1650 deo
525 1611 726 1650 acturam
766 1621 864 1651 esse
889 1608 1036 1658 vovit3
1075 1609 1129 1650 cf.
1157 1608 1286 1662 Prop.
1314 1607 1370 1650 H.
1401 1609 1470 1653 28.
1498 1609 1703 1651 45—46:

197 1684 338 1725 «Ante
364 1686 556 1738 tuosque
582 1684 719 1739 pedes
744 1684 825 1727 illa
850 1685 950 1740 ipsa
989 1687 1172 1739 operata
1211 1682 1384 1727 sedebit
1410 1684 1705 1739 Narrabitque

194 1759 353 1802 sedens
378 1760 514 1814 longa
540 1762 709 1815 pericla
735 1775 859 1804 sua».
887 1786 946 1791 -
974 1761 1134 1819 bisque
1171 1760 1261 1816 die,
1286 1775 1419 1804 mane
1446 1764 1490 1804 et
1515 1763 1701 1816 vesperi,

193 1841 246 1880 ut
281 1837 419 1880 etiam
456 1838 648 1880 aliorum
688 1839 875 1881 deorum
917 1840 966 1881 in
1007 1841 1131 1882 cultu
1169 1839 1308 1882 moris
1348 1842 1468 1888 erat;
1506 1840 1560 1881 cf.
1594 1839 1702 1881 Hor.

195 1913 339 1957 Garm.
368 1914 442 1957 IV.
469 1917 512 1976 Ι1,
543 1917 731 1958 25—27.
760 1915 814 1958 de
840 1916 1040 1959 Venere:
1073 1916 1196 1958 «Illic
1234 1916 1302 1958 bis
1340 1916 1468 1970 pueri
1506 1915 1578 1957 die
1616 1915 1703 1957 Nu·

195 2006 299 2035 men
326 2006 427 2034 cum
454 1993 622 2034 teneris
647 1993 894 2046 virginibus
933 1996 1062 2035 tuum
1089 1993 1387 2036 Laudantes».
1417 2017 1476 2022 —-
1499 1994 1706 2037 resoluta

198 2082 370 2122 coma-3,
394 2082 502 2111 nam
517 2070 634 2111 nihil
659 2070 763 2112 nexi
781 2073 826 2112 et
839 2070 978 2112 vineti
1005 2069 1054 2112 in
1079 2071 1217 2112 sacris
1245 2083 1340 2112 esse
1366 2070 1540 2120 licebat,
1570 2084 1705 2125 quare

196 2149 243 2197 ii,
284 2147 358 2202 qui
398 2146 507 2189 deos
546 2147 806 2198 adorabant,
848 2148 1023 2190 tunicas
1063 2148 1308 2198 solvebant,
1349 2148 1527 2190 feminee
1570 2149 1705 2191 etiam

198 2225 372 2273 crines;
399 2225 452 2266 cf.
480 2224 599 2266 infra
624 2223 658 2266 L
687 2226 726 2274 5,
761 2226 960 2267 15—16:
993 2224 1118 2279 «Ipse
1159 2238 1240 2279 ego
1266 2225 1441 2267 velatus
1478 2224 1554 2267 filo
1587 2226 1705 2268 tuni-

198 2302 348 2356 cisque
388 2302 550 2343 solutis
588 2301 704 2344 Vota
741 2315 902 2344 novem
940 2302 1097 2345 Triviae
1135 2305 1266 2346 nocte
1306 2302 1467 2345 silente
1505 2302 1630 2345 dedi»
1664 2306 1707 2345 et

198 2379 276 2422 Ov.
317 2378 422 2421 Met.
466 2378 561 2421 VH.
615 2380 860 2422 1802—183.
909 2380 964 2423 de
1010 2380 1169 2422 Medea
1215 2380 1417 2423 Hecaten
1463 2381 1706 2423 adorante:

205 2457 466 2511 «Egreditur
511 2457 641 2499 tectis
687 2459 835 2500 vestes
879 2457 1038 2501 induta
1083 2457 1314 2508 recinctas,
1359 2458 1487 2501 Nuda
1532 2458 1704 2513 pedem,

198 2534 344 2576 nudos
372 2534 571 2576 humeris
610 2535 760 2576 infusa
797 2535 1027 2590 capillos».
1055 2560 1113 2565 -
1139 2534 1288 2579 dicere
1328 2535 1500 2586 laudes,
1529 2540 1707 2578 cantare

202 2612 407 2666 hymnos.
427 2637 485 2640 ——
502 2611 726 2668 Insigni-3,
752 2625 810 2655 sc.
838 2613 1184 2667 pulchritudine.
1204 2613 1415 2658 —turba
1440 2615 1491 2657 in
1517 2613 1706 2664 Pharia,

202 2687 323 2731 inter
357 2690 600 2743 Aegyptios
639 2688 772 2731 Isidis
823 2690 1072 2733 sacerdotes
1111 2694 1155 2733 et
1193 2690 1413 2747 cultpres3
1453 2689 1645 2742 Pharia,
1684 2704 1708 2731 a

201 2764 359 2818 Pharo,
391 2766 542 2809 insula
568 2766 621 2808 ad
649 2766 963 2810 Alexandriam
1002 2768 1100 2818 sita,
1142 2768 1363 2823 significat
1400 2782 1480 2823 per
1506 2771 1706 2821 metony-
