<?xml version="1.0" encoding="UTF-8"?>
<!DOCTYPE html PUBLIC "-//W3C//DTD XHTML 1.0 Transitional//EN"
    "http://www.w3.org/TR/xhtml1/DTD/xhtml1-transitional.dtd">
<html xmlns="http://www.w3.org/1999/xhtml" xml:lang="en" lang="en">
 <head>
  <title>
</title>
<meta http-equiv="Content-Type" content="text/html;charset=utf-8" />
  <meta name='ocr-system' content='tesseract 3.04.00' />
  <meta name='ocr-capabilities' content='ocr_page ocr_carea ocr_par ocr_line ocrx_word'/>
</head>
<body>
  <div class='ocr_page' id='page_1' title='image "./carminaaccedunts00tibuuoft_0023.png"; bbox 0 0 1942 3132; ppageno 0'>
   <div class='ocr_carea' id='block_1_1' title="bbox 891 244 1008 275">
    <p class='ocr_par' dir='ltr' id='par_1_1' title="bbox 891 244 1008 275">
     <span class='ocr_line' id='line_1_1' title="bbox 891 244 1008 275; baseline -0.009 0"><span class='ocrx_word' id='word_1_1' title='bbox 891 246 922 275; x_wconf 88' lang='lat'>1.</span> <span class='ocrx_word' id='word_1_2' title='bbox 951 244 1008 274; x_wconf 87' lang='grc'>10.</span> 
     </span>
    </p>
   </div>
   <div class='ocr_carea' id='block_1_2' title="bbox 319 362 1346 420">
    <p class='ocr_par' dir='ltr' id='par_1_2' title="bbox 319 362 1346 420">
     <span class='ocr_line' id='line_1_2' title="bbox 319 362 1346 420; baseline 0 -15"><span class='ocrx_word' id='word_1_3' title='bbox 319 362 511 418; x_wconf 77' lang='lat' dir='ltr'>Postque</span> <span class='ocrx_word' id='word_1_4' title='bbox 537 377 687 407; x_wconf 87' lang='lat' dir='ltr'>comes</span> <span class='ocrx_word' id='word_1_5' title='bbox 711 377 875 420; x_wconf 91' lang='lat' dir='ltr'>purum</span> <span class='ocrx_word' id='word_1_6' title='bbox 899 362 993 406; x_wconf 89' lang='lat' dir='ltr'>filia</span> <span class='ocrx_word' id='word_1_7' title='bbox 1018 376 1156 418; x_wconf 84' lang='lat' dir='ltr'>parva</span> <span class='ocrx_word' id='word_1_8' title='bbox 1182 364 1346 406; x_wconf 84' lang='lat' dir='ltr'>favum.</span> 
     </span>
    </p>
   </div>
   <div class='ocr_carea' id='block_1_3' title="bbox 158 440 1183 495">
    <p class='ocr_par' dir='ltr' id='par_1_3' title="bbox 158 440 1183 495">
     <span class='ocr_line' id='line_1_3' title="bbox 158 440 1183 495; baseline 0 -13"><span class='ocrx_word' id='word_1_9' title='bbox 158 462 171 470; x_wconf 55' lang='grc' dir='ltr'>ν</span> <span class='ocrx_word' id='word_1_10' title='bbox 256 440 314 482; x_wconf 85' lang='lat' dir='ltr'>At</span> <span class='ocrx_word' id='word_1_11' title='bbox 338 440 470 484; x_wconf 91' lang='lat' dir='ltr'>nobis</span> <span class='ocrx_word' id='word_1_12' title='bbox 495 443 640 493; x_wconf 57' lang='lat' dir='ltr'>aerata„</span> <span class='ocrx_word' id='word_1_13' title='bbox 669 441 818 492; x_wconf 89' lang='lat' dir='ltr'>Lares,</span> <span class='ocrx_word' id='word_1_14' title='bbox 847 440 1057 495; x_wconf 78' lang='lat' dir='ltr'>depellite</span> <span class='ocrx_word' id='word_1_15' title='bbox 1082 440 1183 490; x_wconf 85' lang='lat' dir='ltr'>tela,</span> 
     </span>
    </p>
   </div>
   <div class='ocr_carea' id='block_1_4' title="bbox 235 672 1556 2581">
    <p class='ocr_par' dir='ltr' id='par_1_4' title="bbox 318 672 1304 728">
     <span class='ocr_line' id='line_1_4' title="bbox 318 672 1304 728; baseline 0 -13"><span class='ocrx_word' id='word_1_16' title='bbox 318 672 568 728; x_wconf 80' lang='lat' dir='ltr'>Hostiaque</span> <span class='ocrx_word' id='word_1_17' title='bbox 595 687 619 715; x_wconf 92' lang='lat' dir='ltr'>e</span> <span class='ocrx_word' id='word_1_18' title='bbox 642 673 779 728; x_wconf 87' lang='lat' dir='ltr'>plena</span> <span class='ocrx_word' id='word_1_19' title='bbox 803 674 970 716; x_wconf 90' lang='lat' dir='ltr'>rustica</span> <span class='ocrx_word' id='word_1_20' title='bbox 993 686 1156 728; x_wconf 93' lang='lat' dir='ltr'>porcus</span> <span class='ocrx_word' id='word_1_21' title='bbox 1183 673 1304 716; x_wconf 81' lang='lat' dir='ltr'>hara.</span> 
     </span>
    </p>

    <p class='ocr_par' dir='ltr' id='par_1_5' title="bbox 257 740 1470 882">
     <span class='ocr_line' id='line_1_5' title="bbox 257 740 1470 805; baseline 0 -13"><span class='ocrx_word' id='word_1_22' title='bbox 257 749 388 792; x_wconf 91' lang='lat' dir='ltr'>Hanc</span> <span class='ocrx_word' id='word_1_23' title='bbox 413 763 527 805; x_wconf 86' lang='lat' dir='ltr'>pura</span> <span class='ocrx_word' id='word_1_24' title='bbox 551 763 652 793; x_wconf 90' lang='lat' dir='ltr'>cum</span> <span class='ocrx_word' id='word_1_25' title='bbox 678 752 801 792; x_wconf 86' lang='lat' dir='ltr'>veste</span> <span class='ocrx_word' id='word_1_26' title='bbox 828 763 990 805; x_wconf 90' lang='lat' dir='ltr'>sequar</span> <span class='ocrx_word' id='word_1_27' title='bbox 1013 754 1248 804; x_wconf 81' lang='lat' dir='ltr'>myrtoque</span> <span class='ocrx_word' id='word_1_28' title='bbox 1274 740 1470 792; x_wconf 75' lang='lat' dir='ltr'>canistra</span> 
     </span>
     <span class='ocr_line' id='line_1_6' title="bbox 318 827 1411 882; baseline -0.001 -12"><span class='ocrx_word' id='word_1_29' title='bbox 318 827 480 870; x_wconf 90' lang='lat' dir='ltr'>Vincta</span> <span class='ocrx_word' id='word_1_30' title='bbox 504 840 667 882; x_wconf 83' lang='lat' dir='ltr'>geram,</span> <span class='ocrx_word' id='word_1_31' title='bbox 697 829 843 882; x_wconf 82' lang='lat' dir='ltr'>myrto</span> <span class='ocrx_word' id='word_1_32' title='bbox 868 827 1046 870; x_wconf 88' lang='lat' dir='ltr'>vinctus</span> <span class='ocrx_word' id='word_1_33' title='bbox 1073 831 1117 870; x_wconf 88' lang='lat' dir='ltr'>et</span> <span class='ocrx_word' id='word_1_34' title='bbox 1142 829 1239 882; x_wconf 90' lang='lat' dir='ltr'>ipse</span> <span class='ocrx_word' id='word_1_35' title='bbox 1265 831 1411 882; x_wconf 88' lang='lat' dir='ltr'>caput.</span> 
     </span>
    </p>

    <p class='ocr_par' dir='ltr' id='par_1_6' title="bbox 259 903 1368 1031">
     <span class='ocr_line' id='line_1_7' title="bbox 259 903 1368 960; baseline -0.001 -13"><span class='ocrx_word' id='word_1_36' title='bbox 259 903 332 947; x_wconf 88' lang='lat' dir='ltr'>Sic</span> <span class='ocrx_word' id='word_1_37' title='bbox 355 905 558 960; x_wconf 87' lang='lat' dir='ltr'>placeam</span> <span class='ocrx_word' id='word_1_38' title='bbox 583 904 735 947; x_wconf 88' lang='lat' dir='ltr'>vobis:</span> <span class='ocrx_word' id='word_1_39' title='bbox 763 905 878 947; x_wconf 90' lang='lat' dir='ltr'>alius</span> <span class='ocrx_word' id='word_1_40' title='bbox 905 905 964 946; x_wconf 90' lang='lat' dir='ltr'>sit</span> <span class='ocrx_word' id='word_1_41' title='bbox 990 905 1119 947; x_wconf 87' lang='lat' dir='ltr'>fortis</span> <span class='ocrx_word' id='word_1_42' title='bbox 1145 905 1194 946; x_wconf 90' lang='lat' dir='ltr'>in</span> <span class='ocrx_word' id='word_1_43' title='bbox 1220 905 1368 954; x_wconf 86' lang='lat' dir='ltr'>armis,</span> 
     </span>
     <span class='ocr_line' id='line_1_8' title="bbox 318 981 1349 1031; baseline -0.001 -7"><span class='ocrx_word' id='word_1_44' title='bbox 318 981 497 1025; x_wconf 80' lang='lat' dir='ltr'>Sternat</span> <span class='ocrx_word' id='word_1_45' title='bbox 522 983 568 1024; x_wconf 86' lang='lat' dir='ltr'>et</span> <span class='ocrx_word' id='word_1_46' title='bbox 591 982 803 1024; x_wconf 84' lang='lat' dir='ltr'>adversos</span> <span class='ocrx_word' id='word_1_47' title='bbox 827 981 971 1024; x_wconf 89' lang='lat' dir='ltr'>Marte</span> <span class='ocrx_word' id='word_1_48' title='bbox 998 982 1177 1024; x_wconf 87' lang='lat' dir='ltr'>favente</span> <span class='ocrx_word' id='word_1_49' title='bbox 1204 981 1349 1031; x_wconf 89' lang='lat' dir='ltr'>duces,</span> 
     </span>
    </p>

    <p class='ocr_par' dir='ltr' id='par_1_7' title="bbox 258 1058 1321 1190">
     <span class='ocr_line' id='line_1_9' title="bbox 258 1058 1254 1114; baseline -0.002 -12"><span class='ocrx_word' id='word_1_50' title='bbox 258 1059 319 1103; x_wconf 92' lang='lat' dir='ltr'>Ut</span> <span class='ocrx_word' id='word_1_51' title='bbox 343 1059 459 1101; x_wconf 89' lang='lat' dir='ltr'>mihi</span> <span class='ocrx_word' id='word_1_52' title='bbox 481 1059 659 1114; x_wconf 87' lang='lat' dir='ltr'>potanti</span> <span class='ocrx_word' id='word_1_53' title='bbox 684 1059 829 1113; x_wconf 81' lang='lat' dir='ltr'>possit</span> <span class='ocrx_word' id='word_1_54' title='bbox 855 1072 937 1100; x_wconf 91' lang='lat' dir='ltr'>sua</span> <span class='ocrx_word' id='word_1_55' title='bbox 962 1058 1110 1101; x_wconf 90' lang='lat' dir='ltr'>dicere</span> <span class='ocrx_word' id='word_1_56' title='bbox 1136 1059 1254 1101; x_wconf 86' lang='lat' dir='ltr'>facta</span> 
     </span>
     <span class='ocr_line' id='line_1_10' title="bbox 316 1135 1321 1190; baseline 0 -11"><span class='ocrx_word' id='word_1_57' title='bbox 316 1135 450 1179; x_wconf 86' lang='lat' dir='ltr'>Miles</span> <span class='ocrx_word' id='word_1_58' title='bbox 476 1139 521 1179; x_wconf 92' lang='lat' dir='ltr'>et</span> <span class='ocrx_word' id='word_1_59' title='bbox 544 1136 593 1178; x_wconf 90' lang='lat' dir='ltr'>in</span> <span class='ocrx_word' id='word_1_60' title='bbox 617 1149 776 1179; x_wconf 88' lang='lat' dir='ltr'>mensa</span> <span class='ocrx_word' id='word_1_61' title='bbox 800 1137 986 1190; x_wconf 86' lang='lat' dir='ltr'>pingere</span> <span class='ocrx_word' id='word_1_62' title='bbox 1012 1139 1158 1179; x_wconf 88' lang='lat' dir='ltr'>castra</span> <span class='ocrx_word' id='word_1_63' title='bbox 1182 1150 1321 1179; x_wconf 88' lang='lat' dir='ltr'>mero.</span> 
     </span>
    </p>

    <p class='ocr_par' dir='ltr' id='par_1_8' title="bbox 258 1213 1434 1345">
     <span class='ocr_line' id='line_1_11' title="bbox 258 1213 1434 1266; baseline -0.001 -10"><span class='ocrx_word' id='word_1_64' title='bbox 258 1213 367 1266; x_wconf 88' lang='lat' dir='ltr'>Quis</span> <span class='ocrx_word' id='word_1_65' title='bbox 394 1214 518 1256; x_wconf 83' lang='lat' dir='ltr'>furor</span> <span class='ocrx_word' id='word_1_66' title='bbox 542 1215 610 1255; x_wconf 90' lang='lat' dir='ltr'>est</span> <span class='ocrx_word' id='word_1_67' title='bbox 635 1217 778 1255; x_wconf 89' lang='lat' dir='ltr'>atram</span> <span class='ocrx_word' id='word_1_68' title='bbox 803 1213 934 1255; x_wconf 90' lang='lat' dir='ltr'>bellis</span> <span class='ocrx_word' id='word_1_69' title='bbox 962 1226 1184 1255; x_wconf 81' lang='lat' dir='ltr'>arcessere</span> <span class='ocrx_word' id='word_1_70' title='bbox 1211 1217 1434 1255; x_wconf 75' lang='lat' dir='ltr'>mortem?</span> 
     </span>
     <span class='ocr_line' id='line_1_12' title="bbox 317 1290 1309 1345; baseline -0.001 -12"><span class='ocrx_word' id='word_1_71' title='bbox 317 1290 531 1333; x_wconf 82' lang='lat' dir='ltr'>Imminet</span> <span class='ocrx_word' id='word_1_72' title='bbox 556 1294 600 1332; x_wconf 93' lang='lat' dir='ltr'>et</span> <span class='ocrx_word' id='word_1_73' title='bbox 625 1291 760 1333; x_wconf 82' lang='lat' dir='ltr'>tacito</span> <span class='ocrx_word' id='word_1_74' title='bbox 787 1290 904 1334; x_wconf 84' lang='lat' dir='ltr'>clam</span> <span class='ocrx_word' id='word_1_75' title='bbox 927 1291 1053 1333; x_wconf 84' lang='lat' dir='ltr'>venit</span> <span class='ocrx_word' id='word_1_76' title='bbox 1080 1290 1159 1332; x_wconf 81' lang='lat' dir='ltr'>illa</span> <span class='ocrx_word' id='word_1_77' title='bbox 1185 1291 1309 1345; x_wconf 87' lang='lat' dir='ltr'>pede.</span> 
     </span>
    </p>

    <p class='ocr_par' dir='ltr' id='par_1_9' title="bbox 256 1367 1478 1500">
     <span class='ocr_line' id='line_1_13' title="bbox 256 1367 1478 1422; baseline 0 -12"><span class='ocrx_word' id='word_1_78' title='bbox 256 1368 358 1410; x_wconf 91' lang='lat' dir='ltr'>Non</span> <span class='ocrx_word' id='word_1_79' title='bbox 385 1380 510 1422; x_wconf 86' lang='lat' dir='ltr'>seges</span> <span class='ocrx_word' id='word_1_80' title='bbox 537 1370 605 1409; x_wconf 86' lang='lat' dir='ltr'>est</span> <span class='ocrx_word' id='word_1_81' title='bbox 630 1367 758 1417; x_wconf 87' lang='lat' dir='ltr'>infra,</span> <span class='ocrx_word' id='word_1_82' title='bbox 788 1380 882 1409; x_wconf 90' lang='lat' dir='ltr'>non</span> <span class='ocrx_word' id='word_1_83' title='bbox 907 1368 1040 1409; x_wconf 88' lang='lat' dir='ltr'>vinea</span> <span class='ocrx_word' id='word_1_84' title='bbox 1066 1367 1197 1417; x_wconf 89' lang='lat' dir='ltr'>culta,</span> <span class='ocrx_word' id='word_1_85' title='bbox 1229 1367 1307 1410; x_wconf 87' lang='lat' dir='ltr'>sed</span> <span class='ocrx_word' id='word_1_86' title='bbox 1333 1368 1478 1410; x_wconf 85' lang='lat' dir='ltr'>audax</span> 
     </span>
     <span class='ocr_line' id='line_1_14' title="bbox 317 1443 1320 1500; baseline 0 -12"><span class='ocrx_word' id='word_1_87' title='bbox 317 1445 533 1488; x_wconf 87' lang='lat' dir='ltr'>Cerberus</span> <span class='ocrx_word' id='word_1_88' title='bbox 559 1447 605 1486; x_wconf 90' lang='lat' dir='ltr'>et</span> <span class='ocrx_word' id='word_1_89' title='bbox 629 1443 792 1499; x_wconf 75' lang='lat' dir='ltr'>Stygiae</span> <span class='ocrx_word' id='word_1_90' title='bbox 818 1445 972 1487; x_wconf 86' lang='lat' dir='ltr'>navita</span> <span class='ocrx_word' id='word_1_91' title='bbox 996 1446 1142 1499; x_wconf 89' lang='lat' dir='ltr'>turpis</span> <span class='ocrx_word' id='word_1_92' title='bbox 1169 1458 1320 1500; x_wconf 85' lang='lat' dir='ltr'>aquae:</span> 
     </span>
    </p>

    <p class='ocr_par' dir='ltr' id='par_1_10' title="bbox 258 1522 1279 1654">
     <span class='ocr_line' id='line_1_15' title="bbox 258 1522 1242 1578; baseline 0 -13"><span class='ocrx_word' id='word_1_93' title='bbox 258 1523 356 1565; x_wconf 89' lang='lat' dir='ltr'>Illic</span> <span class='ocrx_word' id='word_1_94' title='bbox 382 1523 684 1578; x_wconf 80' lang='lat' dir='ltr'>perfossisque</span> <span class='ocrx_word' id='word_1_95' title='bbox 710 1522 837 1576; x_wconf 89' lang='lat' dir='ltr'>genis</span> <span class='ocrx_word' id='word_1_96' title='bbox 863 1524 1052 1577; x_wconf 90' lang='lat' dir='ltr'>ustoque</span> <span class='ocrx_word' id='word_1_97' title='bbox 1078 1522 1242 1577; x_wconf 80' lang='lat' dir='ltr'>capillo</span> 
     </span>
     <span class='ocr_line' id='line_1_16' title="bbox 315 1599 1279 1654; baseline 0.001 -12"><span class='ocrx_word' id='word_1_98' title='bbox 315 1599 446 1642; x_wconf 87' lang='lat' dir='ltr'>Errat</span> <span class='ocrx_word' id='word_1_99' title='bbox 472 1599 527 1642; x_wconf 87' lang='lat' dir='ltr'>ad</span> <span class='ocrx_word' id='word_1_100' title='bbox 553 1599 766 1642; x_wconf 88' lang='lat' dir='ltr'>obscuros</span> <span class='ocrx_word' id='word_1_101' title='bbox 791 1599 961 1654; x_wconf 90' lang='lat' dir='ltr'>pallida</span> <span class='ocrx_word' id='word_1_102' title='bbox 986 1601 1116 1643; x_wconf 85' lang='lat' dir='ltr'>turba</span> <span class='ocrx_word' id='word_1_103' title='bbox 1141 1601 1279 1643; x_wconf 87' lang='lat' dir='ltr'>lacus.</span> 
     </span>
    </p>

    <p class='ocr_par' dir='ltr' id='par_1_11' title="bbox 258 1677 1556 1809">
     <span class='ocr_line' id='line_1_17' title="bbox 258 1677 1556 1734; baseline 0 -14"><span class='ocrx_word' id='word_1_104' title='bbox 258 1678 402 1730; x_wconf 90' lang='lat' dir='ltr'>Quam</span> <span class='ocrx_word' id='word_1_105' title='bbox 427 1677 580 1732; x_wconf 85' lang='lat' dir='ltr'>potius</span> <span class='ocrx_word' id='word_1_106' title='bbox 604 1677 857 1719; x_wconf 87' lang='lat' dir='ltr'>laudandus</span> <span class='ocrx_word' id='word_1_107' title='bbox 884 1679 957 1720; x_wconf 94' lang='lat' dir='ltr'>hic</span> <span class='ocrx_word' id='word_1_108' title='bbox 982 1681 1060 1729; x_wconf 88' lang='lat' dir='ltr'>est,</span> <span class='ocrx_word' id='word_1_109' title='bbox 1091 1693 1223 1733; x_wconf 91' lang='lat' dir='ltr'>quem</span> <span class='ocrx_word' id='word_1_110' title='bbox 1249 1679 1373 1734; x_wconf 91' lang='lat' dir='ltr'>prole</span> <span class='ocrx_word' id='word_1_111' title='bbox 1400 1682 1556 1734; x_wconf 86' lang='lat' dir='ltr'>parata</span> 
     </span>
     <span class='ocr_line' id='line_1_18' title="bbox 317 1754 1265 1809; baseline 0.002 -13"><span class='ocrx_word' id='word_1_112' title='bbox 317 1754 515 1809; x_wconf 76' lang='lat' dir='ltr'>Occupat</span> <span class='ocrx_word' id='word_1_113' title='bbox 540 1755 589 1796; x_wconf 92' lang='lat' dir='ltr'>in</span> <span class='ocrx_word' id='word_1_114' title='bbox 613 1767 753 1808; x_wconf 83' lang='lat' dir='ltr'>parva</span> <span class='ocrx_word' id='word_1_115' title='bbox 777 1755 905 1809; x_wconf 86' lang='lat' dir='ltr'>pigra</span> <span class='ocrx_word' id='word_1_116' title='bbox 932 1758 1113 1798; x_wconf 84' lang='lat' dir='ltr'>senecta</span> <span class='ocrx_word' id='word_1_117' title='bbox 1137 1757 1265 1798; x_wconf 78' lang='lat' dir='ltr'>casa!</span> 
     </span>
    </p>

    <p class='ocr_par' dir='ltr' id='par_1_12' title="bbox 257 1832 1327 1964">
     <span class='ocr_line' id='line_1_19' title="bbox 257 1832 1252 1888; baseline 0.001 -14"><span class='ocrx_word' id='word_1_118' title='bbox 257 1833 360 1887; x_wconf 89' lang='lat' dir='ltr'>Ipse</span> <span class='ocrx_word' id='word_1_119' title='bbox 387 1845 492 1874; x_wconf 90' lang='lat' dir='ltr'>suas</span> <span class='ocrx_word' id='word_1_120' title='bbox 518 1834 712 1874; x_wconf 77' lang='lat' dir='ltr'>sectatur</span> <span class='ocrx_word' id='word_1_121' title='bbox 737 1846 854 1882; x_wconf 91' lang='lat' dir='ltr'>oves,</span> <span class='ocrx_word' id='word_1_122' title='bbox 884 1835 929 1876; x_wconf 90' lang='lat' dir='ltr'>at</span> <span class='ocrx_word' id='word_1_123' title='bbox 953 1832 1074 1876; x_wconf 89' lang='lat' dir='ltr'>filius</span> <span class='ocrx_word' id='word_1_124' title='bbox 1100 1847 1252 1888; x_wconf 86' lang='lat' dir='ltr'>agnos,</span> 
     </span>
     <span class='ocr_line' id='line_1_20' title="bbox 317 1908 1327 1964; baseline 0.002 -14"><span class='ocrx_word' id='word_1_125' title='bbox 317 1909 375 1950; x_wconf 88' lang='lat' dir='ltr'>Et</span> <span class='ocrx_word' id='word_1_126' title='bbox 399 1908 590 1950; x_wconf 84' lang='lat' dir='ltr'>calidam</span> <span class='ocrx_word' id='word_1_127' title='bbox 617 1909 735 1951; x_wconf 85' lang='lat' dir='ltr'>fesso</span> <span class='ocrx_word' id='word_1_128' title='bbox 762 1913 990 1963; x_wconf 89' lang='lat' dir='ltr'>comparat</span> <span class='ocrx_word' id='word_1_129' title='bbox 1015 1924 1126 1952; x_wconf 91' lang='lat' dir='ltr'>uxor</span> <span class='ocrx_word' id='word_1_130' title='bbox 1152 1923 1327 1964; x_wconf 90' lang='lat' dir='ltr'>aquam.</span> 
     </span>
    </p>

    <p class='ocr_par' dir='ltr' id='par_1_13' title="bbox 260 1984 1421 2117">
     <span class='ocr_line' id='line_1_21' title="bbox 260 1984 1421 2040; baseline -0.001 -11"><span class='ocrx_word' id='word_1_131' title='bbox 260 1985 331 2029; x_wconf 82' lang='lat' dir='ltr'>Sic</span> <span class='ocrx_word' id='word_1_132' title='bbox 358 1998 438 2039; x_wconf 85' lang='lat' dir='ltr'>ego</span> <span class='ocrx_word' id='word_1_133' title='bbox 465 1985 562 2034; x_wconf 88' lang='lat' dir='ltr'>sim,</span> <span class='ocrx_word' id='word_1_134' title='bbox 590 1984 810 2039; x_wconf 87' lang='lat' dir='ltr'>liceatque</span> <span class='ocrx_word' id='word_1_135' title='bbox 835 1989 970 2040; x_wconf 86' lang='lat' dir='ltr'>caput</span> <span class='ocrx_word' id='word_1_136' title='bbox 995 1986 1259 2028; x_wconf 85' lang='lat' dir='ltr'>candescere</span> <span class='ocrx_word' id='word_1_137' title='bbox 1285 1988 1421 2035; x_wconf 87' lang='lat' dir='ltr'>canis,</span> 
     </span>
     <span class='ocr_line' id='line_1_22' title="bbox 318 2062 1307 2117; baseline 0 -12"><span class='ocrx_word' id='word_1_138' title='bbox 318 2063 549 2117; x_wconf 84' lang='lat' dir='ltr'>Temporis</span> <span class='ocrx_word' id='word_1_139' title='bbox 576 2064 620 2104; x_wconf 90' lang='lat' dir='ltr'>et</span> <span class='ocrx_word' id='word_1_140' title='bbox 644 2062 779 2116; x_wconf 85' lang='lat' dir='ltr'>prisci</span> <span class='ocrx_word' id='word_1_141' title='bbox 806 2063 924 2105; x_wconf 83' lang='lat' dir='ltr'>facta</span> <span class='ocrx_word' id='word_1_142' title='bbox 948 2063 1113 2105; x_wconf 86' lang='lat' dir='ltr'>referre</span> <span class='ocrx_word' id='word_1_143' title='bbox 1140 2077 1307 2105; x_wconf 88' lang='lat' dir='ltr'>senem.</span> 
     </span>
    </p>

    <p class='ocr_par' dir='ltr' id='par_1_14' title="bbox 257 2139 1388 2271">
     <span class='ocr_line' id='line_1_23' title="bbox 257 2139 1388 2195; baseline 0 -12"><span class='ocrx_word' id='word_1_144' title='bbox 257 2141 435 2183; x_wconf 85' lang='lat' dir='ltr'>Interea</span> <span class='ocrx_word' id='word_1_145' title='bbox 460 2139 550 2181; x_wconf 86' lang='lat' dir='ltr'>Pax</span> <span class='ocrx_word' id='word_1_146' title='bbox 576 2152 681 2182; x_wconf 82' lang='lat' dir='ltr'>arva</span> <span class='ocrx_word' id='word_1_147' title='bbox 707 2139 835 2181; x_wconf 85' lang='lat' dir='ltr'>colat.</span> <span class='ocrx_word' id='word_1_148' title='bbox 864 2139 953 2182; x_wconf 88' lang='lat' dir='ltr'>Pax</span> <span class='ocrx_word' id='word_1_149' title='bbox 978 2139 1167 2182; x_wconf 83' lang='lat' dir='ltr'>candida</span> <span class='ocrx_word' id='word_1_150' title='bbox 1192 2141 1388 2195; x_wconf 87' lang='lat' dir='ltr'>primum</span> 
     </span>
     <span class='ocr_line' id='line_1_24' title="bbox 318 2216 1281 2271; baseline 0.001 -12"><span class='ocrx_word' id='word_1_151' title='bbox 318 2217 455 2259; x_wconf 82' lang='lat' dir='ltr'>Duxit</span> <span class='ocrx_word' id='word_1_152' title='bbox 479 2219 682 2259; x_wconf 82' lang='lat' dir='ltr'>araturos</span> <span class='ocrx_word' id='word_1_153' title='bbox 708 2216 791 2258; x_wconf 87' lang='lat' dir='ltr'>sub</span> <span class='ocrx_word' id='word_1_154' title='bbox 816 2216 923 2271; x_wconf 85' lang='lat' dir='ltr'>iuga</span> <span class='ocrx_word' id='word_1_155' title='bbox 947 2216 1096 2271; x_wconf 89' lang='lat' dir='ltr'>panda</span> <span class='ocrx_word' id='word_1_156' title='bbox 1120 2217 1281 2261; x_wconf 80' lang='lat' dir='ltr'>boves:</span> 
     </span>
    </p>

    <p class='ocr_par' dir='ltr' id='par_1_15' title="bbox 235 2291 1327 2426">
     <span class='ocr_line' id='line_1_25' title="bbox 235 2291 1217 2345; baseline -0.002 -7"><span class='ocrx_word' id='word_1_157' title='bbox 235 2291 240 2295; x_wconf 82' lang='grc'><strong>’</strong></span> <span class='ocrx_word' id='word_1_158' title='bbox 261 2295 351 2338; x_wconf 85' lang='lat' dir='ltr'>Pax</span> <span class='ocrx_word' id='word_1_159' title='bbox 382 2294 495 2336; x_wconf 86' lang='lat' dir='ltr'>aluit</span> <span class='ocrx_word' id='word_1_160' title='bbox 519 2294 634 2335; x_wconf 88' lang='lat' dir='ltr'>vites</span> <span class='ocrx_word' id='word_1_161' title='bbox 661 2297 704 2335; x_wconf 90' lang='lat' dir='ltr'>et</span> <span class='ocrx_word' id='word_1_162' title='bbox 730 2307 861 2336; x_wconf 90' lang='lat' dir='ltr'>sucos</span> <span class='ocrx_word' id='word_1_163' title='bbox 887 2293 1087 2336; x_wconf 79' lang='lat' dir='ltr'>condidit</span> <span class='ocrx_word' id='word_1_164' title='bbox 1110 2308 1217 2345; x_wconf 85' lang='lat' dir='ltr'>uvae,</span> 
     </span>
     <span class='ocr_line' id='line_1_26' title="bbox 317 2371 1327 2426; baseline 0.001 -12"><span class='ocrx_word' id='word_1_165' title='bbox 317 2371 543 2414; x_wconf 86' lang='lat' dir='ltr'>Funderet</span> <span class='ocrx_word' id='word_1_166' title='bbox 567 2374 616 2413; x_wconf 88' lang='lat' dir='ltr'>ut</span> <span class='ocrx_word' id='word_1_167' title='bbox 642 2374 749 2414; x_wconf 92' lang='lat' dir='ltr'>nato</span> <span class='ocrx_word' id='word_1_168' title='bbox 773 2373 891 2414; x_wconf 88' lang='lat' dir='ltr'>testa</span> <span class='ocrx_word' id='word_1_169' title='bbox 913 2374 1103 2426; x_wconf 89' lang='lat' dir='ltr'>paterna</span> <span class='ocrx_word' id='word_1_170' title='bbox 1127 2386 1327 2415; x_wconf 90' lang='lat' dir='ltr'>merum:</span> 
     </span>
    </p>

    <p class='ocr_par' dir='ltr' id='par_1_16' title="bbox 258 2449 1375 2581">
     <span class='ocr_line' id='line_1_27' title="bbox 258 2449 1375 2504; baseline 0 -12"><span class='ocrx_word' id='word_1_171' title='bbox 258 2451 370 2492; x_wconf 88' lang='lat' dir='ltr'>Pace</span> <span class='ocrx_word' id='word_1_172' title='bbox 396 2449 554 2491; x_wconf 90' lang='lat' dir='ltr'>bidens</span> <span class='ocrx_word' id='word_1_173' title='bbox 580 2462 818 2504; x_wconf 84' lang='lat' dir='ltr'>vomerque</span> <span class='ocrx_word' id='word_1_174' title='bbox 843 2450 1002 2499; x_wconf 89' lang='lat' dir='ltr'>nitent,</span> <span class='ocrx_word' id='word_1_175' title='bbox 1031 2451 1078 2491; x_wconf 88' lang='lat' dir='ltr'>at</span> <span class='ocrx_word' id='word_1_176' title='bbox 1102 2449 1250 2492; x_wconf 85' lang='lat' dir='ltr'>tristia</span> <span class='ocrx_word' id='word_1_177' title='bbox 1276 2449 1375 2492; x_wconf 84' lang='lat' dir='ltr'>duri</span> 
     </span>
     <span class='ocr_line' id='line_1_28' title="bbox 318 2525 1284 2581; baseline 0.002 -14"><span class='ocrx_word' id='word_1_178' title='bbox 318 2526 476 2568; x_wconf 90' lang='lat' dir='ltr'>Militis</span> <span class='ocrx_word' id='word_1_179' title='bbox 503 2526 550 2567; x_wconf 94' lang='lat' dir='ltr'>in</span> <span class='ocrx_word' id='word_1_180' title='bbox 575 2525 770 2567; x_wconf 86' lang='lat' dir='ltr'>tenebris</span> <span class='ocrx_word' id='word_1_181' title='bbox 795 2529 982 2581; x_wconf 88' lang='lat' dir='ltr'>occupat</span> <span class='ocrx_word' id='word_1_182' title='bbox 1006 2538 1132 2568; x_wconf 85' lang='lat' dir='ltr'>arma</span> <span class='ocrx_word' id='word_1_183' title='bbox 1157 2526 1284 2569; x_wconf 89' lang='lat' dir='ltr'>situs.</span> 
     </span>
    </p>
   </div>
   <div class='ocr_carea' id='block_1_5' title="bbox 332 2710 1238 2723">
    <p class='ocr_par' dir='ltr' id='par_1_17' title="bbox 332 2710 1238 2723">
     <span class='ocr_line' id='line_1_29' title="bbox 332 2710 1238 2723; baseline 0.001 -1"><span class='ocrx_word' id='word_1_184' title='bbox 332 2710 1238 2723; x_wconf 66' lang='grc' dir='ltr'><strong>οοοοοοοοοοοοο</strong></span> 
     </span>
    </p>
   </div>
   <div class='ocr_carea' id='block_1_6' title="bbox 258 2756 1375 2812">
    <p class='ocr_par' dir='ltr' id='par_1_18' title="bbox 258 2756 1375 2812">
     <span class='ocr_line' id='line_1_30' title="bbox 258 2756 1375 2812; baseline 0 -13"><span class='ocrx_word' id='word_1_185' title='bbox 258 2756 468 2800; x_wconf 88' lang='lat' dir='ltr'>Rusticus</span> <span class='ocrx_word' id='word_1_186' title='bbox 497 2771 519 2798; x_wconf 89' lang='lat' dir='ltr'>e</span> <span class='ocrx_word' id='word_1_187' title='bbox 547 2758 734 2810; x_wconf 91' lang='lat' dir='ltr'>lucoque</span> <span class='ocrx_word' id='word_1_188' title='bbox 758 2757 893 2806; x_wconf 75' lang='lat' dir='ltr'>vehit,</span> <span class='ocrx_word' id='word_1_189' title='bbox 922 2758 1039 2800; x_wconf 92' lang='lat' dir='ltr'>male</span> <span class='ocrx_word' id='word_1_190' title='bbox 1066 2758 1240 2800; x_wconf 89' lang='lat' dir='ltr'>sobrius</span> <span class='ocrx_word' id='word_1_191' title='bbox 1269 2759 1375 2812; x_wconf 80' lang='lat' dir='ltr'>ipse,</span> 
     </span>
    </p>
   </div>
   <div class='ocr_carea' id='block_1_7' title="bbox 1660 231 1705 266">
    <p class='ocr_par' dir='ltr' id='par_1_19' title="bbox 1660 231 1705 266">
     <span class='ocr_line' id='line_1_31' title="bbox 1660 231 1705 266; baseline -0.022 0"><span class='ocrx_word' id='word_1_192' title='bbox 1660 231 1705 266; x_wconf 83' lang='lat'>19</span> 
     </span>
    </p>
   </div>
   <div class='ocr_carea' id='block_1_8' title="bbox 1736 1774 1775 1799">
    <p class='ocr_par' dir='ltr' id='par_1_20' title="bbox 1736 1774 1775 1799">
     <span class='ocr_line' id='line_1_32' title="bbox 1736 1774 1775 1799; baseline 0.026 -1"><span class='ocrx_word' id='word_1_193' title='bbox 1736 1774 1775 1799; x_wconf 74' lang='lat'>⁴0</span> 
     </span>
    </p>
   </div>
   <div class='ocr_carea' id='block_1_9' title="bbox 1735 2162 1772 2185">
    <p class='ocr_par' dir='ltr' id='par_1_21' title="bbox 1735 2162 1772 2185">
     <span class='ocr_line' id='line_1_33' title="bbox 1735 2162 1772 2185; baseline -0.027 0"><span class='ocrx_word' id='word_1_194' title='bbox 1735 2162 1772 2185; x_wconf 68' lang='lat'>⁴5</span> 
     </span>
    </p>
   </div>
   <div class='ocr_carea' id='block_1_10' title="bbox 1735 2547 1773 2572">
    <p class='ocr_par' dir='ltr' id='par_1_22' title="bbox 1735 2547 1773 2572">
     <span class='ocr_line' id='line_1_34' title="bbox 1735 2547 1773 2572; baseline 0.026 -1"><span class='ocrx_word' id='word_1_195' title='bbox 1735 2547 1773 2572; x_wconf 83' lang='lat'>50</span> 
     </span>
    </p>
   </div>
  </div>
 </body>
</html>
