1942 3132
763 259 823 292 An
841 259 874 291 ι.
894 255 931 298 4,
955 258 1125 290 67—72.
1657 245 1704 281 79

188 380 318 423 c‘uius
344 381 525 435 signum
550 380 601 423 in
627 363 868 434 curru-per
891 377 1026 420 urbes
1058 376 1295 420 vehebant.
1326 401 1384 406 -
1408 374 1543 420 Idaeae
1574 374 1704 433 Opis,

187 457 382 500 Romani
409 457 565 513 Opem,
593 456 724 500 deam
759 455 978 506 Italicam,
1017 468 1203 498 uxorem
1230 453 1428 502 Saturni,
1457 453 1703 496 confunde-

189 534 298 577 bant
335 549 439 577 cum
475 534 604 577 Rhea
642 535 736 576 sive
776 531 941 587 Cybele
980 533 1074 575 sive
1112 531 1278 585 Magna
1316 531 1462 573 Matre
1500 531 1701 572 deorum.

188 610 331 664 Idaea,
358 611 463 666 quia
484 610 648 667 Cybele
674 611 722 653 in
746 610 930 664 regione
956 609 1060 659 Idae,
1088 610 1260 652 montis
1285 608 1481 662 Phrygii,
1509 608 1704 649 maxime

189 689 431 731 colebatur.
458 713 518 718 —-
546 690 825 732 tercentenas
841 686 1082 730 erroribus
1105 686 1288 742 eoepleat
1304 684 1457 736 urbes,
1480 688 1705 726 trecentas

189 766 324 809 urbes
348 770 582 821 percurrat
620 778 800 808 currum
839 764 1029 820 Cybeles
1069 777 1286 819 sequens3
1326 764 1380 805 cf.
1420 763 1550 816 Verg.
1591 762 1702 803 Aen.

191 842 289 885 XII.
321 844 434 886 763:
467 843 699 898 uQuinque
728 842 859 885 orbes
886 842 1068 896 explent
1093 854 1253 883 cursu»
1286 842 1332 882 et
1346 840 1499 894 Eurip.
1528 838 1600 881 Or.
1626 840 1704 881 54:

189 919 338 975 λιμένα
354 920 490 977 πλάτῃ
517 919 762 977 ἐκπληροῦν.
787 944 848 949 -
873 922 990 963 secet
1015 917 1078 962 ad
1103 915 1332 974 Phrygios
1358 916 1472 960 vilia
1497 915 1706 959 membra

190 996 365 1048 modos,
394 996 515 1040 Galli
530 997 580 1039 in
602 997 740 1039 sacr-Is
756 996 850 1039 deae
867 995 1080 1050 religioso
1108 997 1258 1038 furore
1285 994 1478 1048 correpti
1504 993 1706 1036 membra

190 1073 338 1116 virilia
356 1074 441 1116 sibi
460 1073 748 1116 absciderunt
763 1087 776 1123 3
793 1073 1023 1116 Tibullum
1039 1073 1246 1116 imitatur
1264 1071 1341 1115 Ov.
1361 1071 1425 1113 Ib.
1442 1072 1705 1113 453—454:

196 1150 541 1206 «Attonitusque
578 1164 713 1201 seces,
753 1154 804 1193 ut
846 1165 959 1206 quos
999 1150 1212 1205 Cybeleia
1249 1151 1395 1191 mater
1431 1147 1609 1198 Incitat,
1652 1146 1707 1188 ad

191 1227 409 1282 Phrygios
454 1229 563 1271 vilia
602 1228 807 1271 membra
844 1229 1029 1271 modos»
1074 1230 1118 1270 et
1154 1227 1276 1269 Fast.
1315 1226 1395 1268 III.
1440 1225 1706 1268 243—244:

197 1306 473 1360 «mollesque
498 1305 699 1348 ministri
724 1305 913 1349 Caedunt
952 1306 1132 1348 iactatis
1157 1305 1267 1347 vilia
1291 1303 1494 1346 membra
1520 1302 1704 1344 comis».

191 1381 256 1424 Cf.
286 1383 423 1425 etiam
448 1384 641 1427 Martial.
670 1383 745 1426 XI.
767 1385 837 1434 84,
859 1385 1002 1427 3—4:
1035 1383 1173 1425 «Alba
1189 1382 1342 1424 minus
1360 1381 1490 1423 saevis
1506 1381 1706 1422 laceran-

191 1462 263 1519 tur
288 1460 498 1504 bracchia
535 1462 704 1512 cultris,
746 1460 859 1504 Cum
899 1460 1008 1503 furit
1046 1460 1102 1502 ad
1139 1459 1356 1514 Phrygios
1384 1458 1551 1500 enthea
1575 1458 1709 1499 turba

191 1537 375 1580 modos»
408 1541 453 1580 et
476 1538 606 1594 Prop.
634 1539 691 1581 H.
722 1540 792 1589 22,
838 1540 916 1582 16:
957 1538 1038 1580 «Et
1078 1537 1268 1592 Phrygis
1309 1537 1498 1578 insanos
1524 1534 1709 1577 caeditur

192 1614 246 1656 ad
273 1629 528 1658 numeros».
566 1639 625 1644 —
658 1614 721 1659 ad
746 1614 976 1672 Phryyios
997 1648 1007 1658 .
1031 1648 1043 1658 .
1067 1648 1078 1658 .
1119 1613 1297 1666 modos,
1326 1614 1382 1656 ad
1420 1612 1580 1655 modos
1606 1612 1707 1654 har-

192 1692 356 1734 moniae
382 1693 597 1749 Phrygiae,
626 1706 716 1748 qua
752 1693 997 1735 utebantur
1033 1694 1082 1735 in
1120 1692 1258 1735 sacris
1297 1691 1485 1746 Cybeles
1512 1689 1708 1732 cultores

194 1767 287 1811 deae
311 1769 437 1812 tibiis
460 1770 670 1825 Phrygiis
692 1774 908 1814 canentes
923 1785 934 1821 3
961 1771 1015 1813 cf.
1050 1771 1169 1813 infra
1194 1771 1250 1812 H.
1285 1771 1320 1820 1,
1362 1770 1446 1812 86:
1491 1768 1708 1821 «Phrygio

195 1845 306 1888 tibia
332 1860 468 1889 curva
494 1860 663 1897 sono·;
691 1847 854 1890 Catull.
897 1849 967 1898 63,
1012 1848 1215 1890 20—292:
1257 1846 1521 1900 «Phrygiam
1550 1844 1606 1886 ad
1632 1843 1708 1886 do-

196 1936 321 1965 mum
348 1922 561 1978 Cybebes,
588 1923 782 1978 Phrygia
808 1922 865 1966 ad
889 1937 1079 1965 nemora
1105 1922 1213 1972 deae,
1241 1922 1329 1965 Ubi
1353 1921 1548 1975 cymbali
1577 1923 1710 1963 sonat

194 2013 292 2049 vox,
321 2000 398 2042 ubi
425 2003 641 2055 tympana
680 2001 884 2049 reboant,
917 2000 1100 2042 Tibicen
1138 1999 1215 2041 ubi
1241 1999 1364 2041 canit
1400 1997 1548 2052 Phryx
1574 2010 1708 2039 curvo

196 2091 328 2132 grave
351 2078 569 2127 calamo-3
597 2077 726 2131 Verg.
742 2078 851 2119 Aen.
871 2077 947 2120 IX.
977 2078 1238 2120 617-619:
1273 2077 1335 2120 «Ο
1361 2090 1463 2118 vere
1489 2075 1706 2130 Phrygiae,

196 2168 342 2210 neque
369 2155 491 2197 enim
518 2154 731 2209 Phryges,
759 2155 822 2196 ite
860 2169 940 2209 per
981 2154 1074 2197 alta
1110 2153 1350 2209 Dindyma.
1390 2153 1468 2195 ubi
1510 2151 1710 2195 adsuetis

196 2219 389 2276 biforem
428 2232 505 2274 dat
541 2231 653 2274 tibia
692 2234 889 2283 cantum,
932 2232 1165 2287 Tympana
1201 2244 1283 2274 vos
1317 2230 1548 2284 buxusque
1580 2232 1711 2271 vocat

195 2311 462 2364 Berecyntia
498 2309 659 2352 Matris
696 2309 867 2352 Idaeaen.
902 2333 959 2339 —-
985 2306 1244 2352 Blanditiis
1281 2308 1380 2351 vult
1418 2320 1518 2351 esse
1559 2307 1710 2350 locum

207 2385 357 2431 Venus
383 2387 485 2443 ipsa
500 2400 514 2428 .·
539 2386 755 2442 querelis,
779 2385 1010 2428 Tibullum
1036 2386 1240 2428 imitatur
1266 2385 1403 2440 Lygd.
1432 2386 1475 2435 4,
1504 2385 1709 2427 75—76:

203 2465 344 2519 cErgo
370 2478 428 2506 ne
447 2463 601 2506 dubita
619 2462 809 2506 blandas
827 2463 1040 2506 adhibere
1057 2463 1290 2519 querelas:
1313 2462 1710 2505 vincutum-molli

197 2545 379 2597 pectora
405 2541 516 2583 dura
543 2554 717 2595 prece».
746 2564 805 2570 —
830 2539 1103 2593 Blanditiis,
1141 2539 1320 2582 blandis
1353 2539 1577 2594 praecipue
1616 2552 1709 2580 car-

199 2618 413 2670 minibus,
440 2632 533 2661 non
560 2617 791 2671 pecuniae3
829 2618 882 2660 cf.
912 2617 989 2660 Ov.
1017 2617 1114 2660 Am.
1149 2617 1204 2659 H.
1240 2618 1276 2666 1,
1306 2618 1387 2659 21:
1433 2616 1710 2658 «Blanditias

200 2696 438 2751 elegosque
465 2696 599 2746 leveS,
628 2707 731 2736 mea
754 2694 858 2744 tela,
882 2694 1130 2749 resumpsi;
1158 2693 1420 2736 Mollierant
1437 2694 1571 2735 duras
1589 2693 1710 2733 lenia

198 2772 334 2816 verba
359 2774 501 2816 fores»
522 2786 532 2822 ;
560 2772 689 2826 Prop.
717 2770 751 2813 I.
776 2772 818 2822 8,
847 2772 1049 2815 39—40:
1083 2771 1237 2814 «Hanc
1264 2784 1345 2825 ego
1363 2785 1457 2813 non
1477 2783 1598 2819 auro,
1617 2782 1709 2811 non
