1942 3132
784 220 842 251 n>
862 220 893 251 1.
915 218 951 257 0,
975 218 1144 250 00-94.
1656 206 1725 244 125

207 340 389 383 lumen:
413 339 564 394 posito
589 352 697 382 nam
724 337 961 382 scribimus
986 337 1110 380 illo».
1138 362 1196 367 —-
1222 336 1431 381 Deducat
1450 340 1596 395 plena
1621 342 1722 384 sta·

207 416 341 470 mina
382 415 522 474 lonya
561 416 678 470 colu,
718 417 850 466 neat3
892 415 946 458 cf.
991 414 1068 459 Ov.
1108 414 1215 458 Her.
1259 417 1301 466 9,
1336 414 1420 459 77:
1453 415 1724 472 «Crassaque

207 494 391 538 robusto
428 493 613 537 deducis
649 493 815 549 pollice
852 491 973 536 fila».
1015 517 1075 522 —
1106 493 1252 549 plena
1278 526 1288 536 .
1317 525 1327 536 .
1355 525 1366 536 .
1401 493 1518 546 colu,
1557 496 1608 536 ut
1645 494 1723 538 Ov.

208 572 315 615 Her.
345 573 384 622 3,
413 572 497 615 76:
530 571 611 614 «Et
634 571 844 614 minuent
878 571 1040 626 plenas
1080 571 1278 613 stamina
1314 573 1472 613 nostra
1504 571 1651 613 colos»
1684 574 1728 614 et

207 649 328 692 Fast.
355 649 435 692 HL
464 650 579 692 818:
611 649 795 704 «plenas
821 661 1064 690 exonerare
1091 647 1260 691 colos».
1279 647 1479 692 —circa
1503 648 1726 706 9ravibus

206 726 367 784 pensis
405 723 569 783 adfioea
598 724 773 782 puella,
813 724 868 767 de
906 724 1092 767 domina
1125 724 1244 767 inter
1282 725 1473 767 ancillas
1510 727 1647 768 nente
1674 727 1727 767 ef.

211 804 340 859 Prop.
379 803 458 846 III.
487 804 527 854 6,
560 803 746 846 15—16.
786 801 841 844 de
879 801 1101 857 Cynthia:
1134 802 1317 845 «Tristis
1355 805 1451 845 erat
1487 802 1649 846 domus
1687 804 1732 844 et

210 882 363 924 tristes
390 894 472 923 sua
496 894 638 935 pensa
662 879 881 922 ministrae
909 878 1178 937 Carpebant.
1207 879 1357 922 medio
1395 880 1536 923 nebat
1561 883 1606 923 et
1630 881 1731 935 ipsa

212 958 337 1000 1000»
369 960 413 1000 01
439 956 517 1000 Ov.
543 957 666 1000 Fast.
692 957 750 999 H.
779 957 1032 1000 741—743.
1061 957 1115 999 de
1141 957 1378 1000 Lucretia:
1412 957 1585 1007 «nebat,
1611 958 1728 999 Ante

212 1038 362 1078 torum
403 1035 569 1078 calathi
610 1035 804 1090 lanaque
845 1035 1000 1078 mollis
1043 1039 1164 1078 erat:
1205 1035 1384 1078 Lumen
1424 1035 1482 1077 ad
1520 1035 1730 1090 exiguum

215 1114 394 1157 famulae
420 1113 526 1156 data
549 1126 691 1168 pensa
715 1113 1003 1155 trahebant».
1022 1137 1081 1142 —
1097 1113 1322 1170 yravibus
1348 1113 1523 1169 pensis,
1548 1117 1735 1168 propter

215 1193 406 1248 pondus.
433 1217 494 1223 —
518 1191 695 1250 adeoea,
722 1191 934 1235 adsidens
959 1206 1107 1247 neque
1131 1192 1335 1234 laborem
1373 1192 1735 1247 interrumpens;

216 1272 270 1314 cf.
298 1270 376 1314 Ov.
404 1270 511 1314 Met.
537 1269 610 1313 IV.
640 1271 709 1313 32.
745 1283 866 1325 sqq.:
899 1270 1031 1313 «solae
1057 1269 1310 1324 Minyeides
1347 1270 1471 1312 intus
1508 1269 1735 1324 Intempe-

216 1349 331 1392 stiva
356 1348 588 1391 turbantes
614 1349 728 1390 festa
753 1347 960 1390 Minerva
974 1348 1064 1390 Aut
1089 1347 1260 1389 ducunt
1285 1348 1417 1389 lanas
1435 1349 1514 1389 aut
1540 1347 1737 1389 stamina

214 1426 379 1482 pollice
419 1428 602 1471 versant
637 1426 728 1468 Aut
766 1423 941 1469 haerent
978 1425 1122 1467 telae».
1150 1450 1210 1454 —
1228 1423 1408 1481 puella,
1448 1438 1530 1478 pro
1556 1423 1735 1479 plurali,

215 1507 269 1547 111
291 1503 549 1559 praecedens
585 1502 710 1547 circa
747 1502 904 1554 docet;
936 1503 989 1545 cf.
1018 1503 1138 1545 infra
1162 1503 1196 1545 Ι.
1225 1504 1265 1551 2,
1295 1504 1379 1546 95:
1412 1501 1572 1544 «Hunc
1611 1515 1735 1557 puer,

218 1583 338 1625 1111110
364 1581 541 1624 iuvenis
566 1580 698 1623 turba
723 1581 891 1623 circum
917 1581 1022 1622 terit
1047 1582 1169 1622 arta»
1202 1583 1247 1622 et
1262 1580 1319 1623 IL
1341 1581 1379 1630 3,
1398 1581 1484 1623 44:
1508 1580 1740 1622 «Portatur

218 1658 378 1701 validis
402 1658 528 1701 1111110
554 1658 766 1701 columna
791 1659 951 1713 iugis».

278 1735 328 1778 V.
357 1736 548 1778 89—94.
577 1735 686 1779 caelo
723 1736 912 1786 missus,
951 1735 1005 1777 de
1045 1749 1110 1785 οο,
1151 1736 1228 1790 qui
1267 1735 1416 1778 subito
1457 1739 1500 1777 et
1538 1748 1632 1777 non
1665 1748 1736 1776 ex-

220 1815 446 1868 spectatus
485 1814 622 1862 venit,
666 1816 716 1855 ut
753 1813 848 1855 Liv.
889 1813 1030 1855 XXII.
1073 1814 1143 1864 29,
1186 1814 1239 1855 3:
1273 1826 1345 1855 «se
1387 1813 1508 1854 acies
1550 1813 1736 1866 repente

219 1892 343 1934 velut
382 1891 491 1934 caelo
532 1890 729 1933 demissa
770 1890 1010 1933 ostendit».
1053 1890 1191 1932 Aliud
1237 1889 1461 1944 significat
1501 1890 1621 1932 infra
1660 1888 1733 1931 IV.

228 1970 292 2017 13,
338 1970 416 2011 13:
449 1968 601 2010 «Nunc
638 1968 746 2010 licet
777 1982 800 2009 e
833 1968 942 2009 caelo
980 1967 1188 2010 mittatur
1225 1968 1371 2009 amica
1409 1967 1629 2016 Tibullo»,
1658 1966 1735 2008 ubi

220 2045 321 2087 vide
360 2045 461 2088 adn.
501 2069 560 2074 —
598 2042 775 2088 nudato
801 2077 812 2086 .
841 2076 851 2086 .
880 2076 890 2086 .
913 2042 1044 2099 pede,
1091 2043 1260 2086 relictis
1305 2057 1397 2098 prae
1444 2042 1735 2085 festinatione

224 2124 370 2167 soleis.
397 2147 457 2152 —-
483 2121 605 2165 hunc
643 2121 779 2165 illum
815 2120 951 2165 nobis
988 2119 1177 2164 Aurora
1213 2121 1431 2165 nitentem
1470 2119 1738 2178 Luciferum

221 2202 367 2245 roseis
392 2199 595 2244 candida
614 2200 765 2257 portet
791 2200 935 2258 equis,
961 2199 1113 2242 locum
1138 2199 1344 2242 imitatur
1368 2198 1446 2241 Ov.
1474 2199 1572 2241 Am.
1590 2199 1647 2241 H.
1669 2200 1735 2249 11,

223 2279 427 2321 55-56:
461 2277 591 2319 «Haec
617 2277 731 2319 mihi
758 2289 893 2332 quam
931 2277 1129 2331 primum
1168 2276 1276 2319 caelo
1314 2275 1618 2318 nitidissimus
1644 2276 1736 2318 alto

223 2356 402 2397 Lucifer
426 2355 855 2409 admissotempora
877 2356 1027 2409 portet
1053 2367 1193 2409 equo»
1225 2357 1268 2396 et
1294 2354 1422 2396 Trist.
1450 2354 1530 2396 III.
1559 2356 1600 2404 5,
1619 2355 1736 2396 55—

224 2434 308 2476 56:
356 2432 478 2475 «Hos
519 2432 697 2474 utinam
736 2431 870 2474 nitidi
910 2430 1030 2474 Solis
1081 2432 1363 2486 praenuntius
1405 2435 1531 2474 ortus
1569 2431 1738 2474 Afferat

225 2510 422 2552 admisso
460 2509 641 2551 Lucifer
671 2508 800 2551 albus
839 2521 977 2564 equo»
1009 2511 1054 2551 et
1077 2508 1143 2551 Ex
1167 2508 1295 2552 Pont.
1323 2509 1357 2551 L
1386 2510 1426 2558 4,
1455 2510 1540 2551 57:
1572 2508 1736 2550 «Mem-

225 2587 358 2629 nonis
395 2586 513 2628 hanc
550 2585 727 2627 utinam
762 2585 905 2628 lenito
941 2585 1144 2641 principe
1181 2589 1326 2628 mater
1364 2585 1509 2639 Quam
1540 2586 1737 2640 primum

226 2678 355 2707 roseo
395 2666 609 2719 provocet
650 2676 725 2705 ore
766 2662 929 2706 diem».
955 2688 1015 2694 -—
1042 2662 1163 2708 hunc
1203 2665 1351 2716 illum,
1395 2663 1735 2719 significantius,

228 2754 362 2796 quam
400 2741 590 2796 simplex
629 2739 716 2794 hic,
754 2742 805 2782 ut
840 2739 970 2795 Verg.
1007 2742 1118 2784 Aen.
1157 2741 1253 2785 VIL
1283 2743 1547 2785 255—256:
1581 2739 1737 2781 «Hunc
