1942 3132
261 207 328 241 154
853 223 909 251 An
931 224 959 252 1.
984 222 1018 260 2,
1046 222 1162 252 1——6.

973 374 1044 415 IV.

836 501 925 541 Lib.
951 502 984 541 1.
1011 502 1122 552 eleg.
1147 503 1185 541 2.

317 642 689 685 1nt1‘oductio.
716 643 846 685 Delia
870 657 990 685 nunc
1015 645 1105 686 iam
1121 645 1543 698 coniugem*habet
1556 648 1759 700 (fortasse

259 719 442 761 divitem
478 720 609 761 illum
649 723 893 762 amatorem
932 734 1064 775 supra
1102 722 1134 763 Ι.
1165 724 1203 771 5,
1232 723 1302 764 47.
1332 727 1756 778 commemoratum),

259 796 334 849 qui
376 797 416 837 ei
459 796 708 838 custodiam
753 797 980 851 imposuit.
1023 797 1157 839 Poeta
1201 799 1404 841 exclusus
1450 800 1616 842 frustra
1654 803 1759 843 vino

260 874 408 926 sopire
448 873 596 915 studet
634 873 833 915 dolorem
870 859 1030 927 (146).
1072 875 1309 916 Communi
1349 879 1600 918 amatorum
1636 891 1759 921 more

257 948 462 1002 precibus
491 950 746 1002 aggreditur
777 951 960 992 ianuam
998 950 1155 993 duram
1181 953 1374 1005 (7—14.)
1408 955 1647 1007 monetque
1673 954 1758 996 De-

257 1026 379 1076 liam,
419 1028 471 1068 ut
507 1027 713 1069 custodes
755 1028 965 1069 audacter
1002 1030 1155 1071 fallat:
1194 1029 1412 1070 Venerem
1452 1030 1571 1071 enim
1612 1032 1758 1073 favere

260 1103 515 1146 amantibus
532 1105 752 1157 (15—22).
770 1104 918 1147 Huius
944 1106 1009 1146 rei
1027 1107 1278 1159 exemplum
1304 1107 1516 1160 proponit
1534 1121 1580 1148 se
1596 1108 1757 1162 ipsum,

259 1181 347 1234 qui,
375 1194 477 1222 cum
502 1181 550 1222 in
576 1181 772 1223 tenebris
796 1195 876 1236 per
917 1184 1058 1224 totam
1099 1185 1276 1225 noctem
1302 1186 1498 1237 vagetur,
1541 1187 1665 1227 tutus
1703 1186 1761 1228 sIt

261 1258 314 1299 ab
341 1258 552 1299 omnibus
591 1259 801 1312 periculis
842 1260 992 1300 favore
1034 1259 1126 1301 deae
1167 1262 1388 1312 (ΞΒ-32).
1429 1260 1583 1303 Monet
1625 1263 1759 1305 etiam

260 1347 348 1383 eos,
378 1335 452 1388 qui
479 1335 655 1376 obviam
683 1335 768 1376 sibi
793 1336 992 1386 veniunt,
1015 1350 1072 1377 ne
1091 1350 1137 1378 se
1154 1336 1341 1390 prodere
1359 1337 1579 1380 audeant:
1606 1339 1758 1393 loqua-

258 1424 331 1453 ces
370 1412 491 1452 enim
528 1412 642 1453 iram
669 1412 855 1454 Veneris
895 1426 990 1455 esse
1030 1426 1241 1455 sensuros
1278 1415 1497 1491 (33—04O)'
1540 1414 1756 1465 Ceterum,

259 1500 345 1540 quo
372 1488 523 1529 minus
548 1488 736 1542 periculi
763 1489 832 1538 sit,
863 1502 909 1531 se
937 1502 962 1530 a
989 1502 1095 1542 saga
1123 1489 1315 1543 quadam
1332 1503 1510 1532 carmen
1536 1492 1760 1545 magicum

259 1564 480 1618 accepisse
508 1564 625 1614 dicit,
655 1566 772 1619 quod
797 1568 865 1607 ter
893 1579 918 1606 a
942 1565 1072 1607 Delia
1111 1565 1395 1608 decantatum
1432 1570 1630 1609 mentem
1667 1582 1759 1611 ma-

258 1641 332 1682 riti
378 1641 487 1683 adeo
536 1644 854 1684 occaecaturum
897 1644 966 1692 sit,
1009 1646 1059 1684 ut
1104 1644 1220 1685 nihil
1264 1643 1565 1698 proditoribus
1611 1647 1761 1688 credat

259 1731 401 1771 neque
434 1719 553 1760 furta
578 1719 727 1760 videat
752 1721 971 1772 (am—58).
1001 1719 1161 1771 Narrat
1199 1720 1388 1762 eandem
1427 1734 1579 1774 sagam
1615 1722 1759 1763 homi-

260 1807 339 1835 nes
376 1795 545 1836 infelici
585 1809 736 1838 amore
773 1797 963 1838 liberare
1000 1811 1145 1851 posse,
1190 1798 1266 1840 sed
1304 1812 1350 1840 se
1392 1812 1589 1840 amorem
1620 1799 1759 1841 Deliae

261 1869 431 1912 abicere
479 1872 679 1914 noluisse
718 1874 938 1925 (59—*64).
980 1873 1177 1928 Opponit
1215 1888 1262 1916 se
1301 1875 1396 1917 viro
1435 1874 1626 1926 cuidam,
1668 1877 1755 1931 qui,

260 1960 362 1988 cum
387 1948 564 1990 Deliam
602 1950 765 1992 habere
803 1953 968 2004 posset,
997 1954 1148 1992 tamen
1186 1955 1330 1994 castra
1357 1954 1400 1993 et
1424 1952 1596 2006 praedas
1635 1955 1759 2008 sequi

259 2024 494 2067 maluerit:
535 2040 581 2067 se
607 2027 741 2069 malle
767 2028 817 2069 in
854 2030 1116 2082 paupertate
1143 2042 1243 2070 cum
1271 2029 1413 2071 amica
1438 2030 1597 2081 vivere,
1625 2043 1758 2085 quam

261 2101 357 2142 sine
386 2116 535 2144 amore
562 2103 764 2147 diffluere
787 2105 897 2146 luxu
921 2106 1141 2158 (65—78).
1171 2105 1218 2148 Si
1242 2106 1461 2147 Venerem
1498 2107 1610 2147 forte
1635 2107 1758 2149 laese-

258 2179 317 2219 rit
344 2179 399 2220 ob
427 2193 612 2234 eamque
651 2172 849 2223 causam'
870 2196 990 2224 nunc
1027 2196 1183 2237 poenas
1220 2184 1427 2237 patiatur,
1466 2186 1673 2237 paratum
1711 2196 1758 2226 se

262 2268 358 2296 esse
384 2258 539 2309 quovis
565 2257 699 2299 modo
725 2259 855 2300 deam
881 2259 1056 2312 expiare
1081 2261 1300 2311 (79—86).
1318 2259 1491 2301 Deinde
1518 2260 1761 2314 alloquitur

261 2331 479 2374 derisores
506 2348 636 2376 suos:
665 2348 740 2377 eos
769 2336 902 2384 enim,
931 2336 1007 2390 qui
1034 2349 1208 2379 amores
1246 2337 1433 2379 miseros
1459 2337 1651 2379 ludibrio
1677 2337 1755 2379 ha-

260 2406 405 2457 beant,
447 2422 551 2450 mox
589 2412 838 2464 potentiam
876 2412 1062 2454 Veneris
1105 2426 1200 2455 esse
1243 2415 1499 2467 experturos
1536 2413 1755 2466 (87—96).

259 2483 313 2524 In
338 2483 426 2526 fine
453 2489 551 2527 orat
577 2487 720 2539 deam,
746 2492 797 2530 ut
820 2491 974 2543 parcat
999 2503 1126 2531 servo
1154 2503 1233 2532 suo
1259 2490 1519 2532 fidelissimo
1535 2490 1756 2543 (97—98).

319 2561 368 2603 V.
402 2563 527 2604 1—6.
558 2562 686 2606 Adde
713 2577 902 2615 merum,
923 2579 980 2608 sc.
999 2565 1175 2619 potioni
1200 2579 1324 2608 more
1339 2568 1540 2609 veterum
1568 2579 1619 2607 ex
1644 2578 1758 2620 aqua

321 2726 341 2748 *
369 2725 422 2760 Cf.
449 2725 550 2760 infra
575 2727 733 2761 Excurs.
760 2729 804 2763 V.
