1942 3132
250 178 320 214 234
815 195 949 224 AD-rv.
972 194 1006 233 6,
1033 194 1173 224 7-16.

250 311 365 352 tidas
391 324 543 364 presso
570 311 733 364 pollice
750 311 865 366 finge
884 326 1077 366 comas».
1095 335 1151 340 —-
1174 311 1267 362 tibi,
1286 313 1334 355 in
1351 314 1569 356 honorem
1584 317 1732 365 tuum3

252 387 304 428 cf.
333 386 433 428 adn.
462 401 595 441 supra
622 388 676 429 ad
713 388 786 430 IV.
810 390 851 439 2,
893 390 941 431 1:
987 390 1091 431 «tibi
1131 389 1293 431 culta»,
1318 414 1377 418 ——
1403 389 1732 446 conspicienda,

251 465 305 505 cf.
345 463 446 506 adn.
486 478 619 518 supra
652 464 707 507 ad.
744 466 779 507 I.
825 468 863 515 (Δ),
905 468 985 508 70:
1032 466 1440 520 «conspiciendus».
1466 491 1525 496 —
1551 466 1662 510 tibi.
1688 501 1696 510 .
1722 501 1731 510 .

250 540 433 595 relegat,
469 541 636 591 tribuit,
676 545 725 584 ut
752 542 901 594 Quint.
939 543 1048 585 Inst.
1089 542 1158 585 Or.
1198 544 1320 597 praef.
1347 543 1376 585 1.
1401 543 1486 586 VI:
1531 543 1736 586 «Frustra

251 617 368 658 mala
396 617 546 658 omnia
573 617 628 659 ad
653 617 819 660 crimen
846 620 1033 661 fortunae
1061 620 1352 673 relegamus».
1378 619 1571 661 Verbum
1601 621 1733 674 vulgo

251 706 352 733 cum
378 694 768 747 praepositionibus
794 695 843 737 in
869 697 919 748 (c.
950 699 1053 748 acc)
1092 699 1135 738 et
1174 694 1235 739 ad
1271 696 1496 749 iungitur3
1533 696 1733 739 Tibullus

251 769 392 810 utitur
416 768 576 819 dativo,
604 772 655 812 ut
680 771 863 813 dicitur:
897 773 1076 822 crimen,
1106 785 1284 814 causam
1321 773 1490 827 peccati
1528 772 1735 830 deleyare

251 845 398 887 alicui.
434 870 493 875 —
531 846 695 890 occulte
740 848 813 890 cui
851 849 1085 903 placuisse
1130 849 1247 898 velit,
1298 863 1355 891 sc.
1395 848 1620 899 Cerintho,
1661 851 1735 903 qui

251 922 399 963 veniet
425 923 480 964 ad
507 937 616 972 eam,
644 927 693 965 ut
720 924 836 966 diem
861 926 1057 967 natalem
1089 926 1248 979 puellae
1276 926 1493 975 celebret3
1520 927 1574 968 cf.
1603 940 1734 980 supra

253 995 457 1051 Sulpiciae
485 999 539 1041 ad
565 998 825 1042 Cerinthum
849 1002 983 1043 verba
1008 1002 1095 1054 (IV.
1123 1004 1161 1051 9,
1192 1003 1360 1054 3—4.):
1395 1001 1635 1045 «Omnibus
1659 1004 1736 1044 ille

253 1073 345 1115 dies
370 1075 499 1117 nobis
525 1077 686 1120 natalis
713 1081 880 1132 agatur,
911 1079 995 1130 Qui
1033 1079 1322 1132 necopinanti
1358 1092 1477 1120 nunc
1514 1079 1596 1120 tibi
1621 1080 1734 1121 forte

250 1151 415 1193 venit».

311 1227 361 1270 V.
389 1230 547 1272 7—12.
574 1229 663 1274 Sed
688 1231 841 1274 iuveni
866 1244 1020 1288 quaeso
1062 1234 1224 1274 mutua
1263 1232 1411 1275 vincla
1443 1245 1580 1288 para,
1615 1233 1736 1275 idem

251 1306 422 1358 rogavit
446 1306 664 1349 Venerem
691 1309 840 1362 puella
863 1322 997 1362 supra
1013 1309 1086 1350 IV.
1105 1310 1143 1358 5,
1168 1310 1367 1350 13—14:
1403 1310 1587 1351 «serviat
1613 1324 1734 1364 aeque

224 1408 227 1410 >
251 1381 434 1424 Vinctus
460 1386 643 1438 uterque
670 1386 793 1427 tibi».
821 1410 879 1414 —
905 1384 990 1434 Sic,
1021 1399 1078 1428 sc.
1119 1386 1157 1427 si
1181 1389 1337 1428 mutua
1373 1386 1520 1428 vincla
1557 1387 1735 1440 parabis

249 1458 415 1500 iuveni.
449 1483 504 1488 —
544 1460 652 1503 bene
693 1473 944 1517 compones,
986 1463 1242 1516 coniunges,
1286 1463 1516 1516 copulabis
1552 1477 1652 1513 eos3
1679 1464 1733 1505 cf.

251 1533 428 1576 Consol.
456 1535 510 1577 ad
536 1537 630 1579 Liv.
666 1539 764 1579 301.
793 1538 845 1579 de
872 1538 1078 1591 coniugio
1115 1538 1250 1579 Drusi
1278 1540 1319 1579 et
1357 1538 1584 1580 Antoniae:
1630 1552 1735 1592 «par

251 1612 361 1654 bene
387 1615 706 1668 compositum»
736 1618 779 1656 et
806 1614 883 1657 Ov.
909 1615 958 1656 A.
985 1616 1036 1656 A.
1062 1615 1119 1656 II.
1148 1616 1257 1656 385:
1291 1615 1398 1673 «Hic
1421 1615 1533 1656 bene
1558 1628 1734 1670 compo—

251 1689 371 1738 sitos,
412 1690 483 1731 hic
508 1689 820 1733 firmos-solvit
858 1705 1076 1733 amores».
1107 1715 1153 1720 —
1188 1690 1294 1734 ullae
1331 1704 1424 1734 non
1461 1691 1537 1734 ille
1567 1690 1734 1747 puellae

251 1761 428 1807 Servire
456 1769 538 1809 aut
569 1767 786 1823 cuiquam
825 1767 1011 1825 diym‘or
1047 1766 1132 1810 illa
1167 1768 1277 1818 viro,
1319 1768 1477 1809 alludit
1515 1767 1570 1810 ad
1605 1768 1737 1810 verba

252 1843 456 1897 Sulpiciae
493 1844 566 1886 IV.
610 1846 645 1895 7,
689 1847 766 1887 10:
814 1859 939 1887 «cum
976 1845 1110 1897 digno
1151 1843 1283 1897 digna
1322 1843 1458 1885 fuisse
1498 1845 1656 1885 ferar».
1681 1868 1739 1873 —

247 1921 367 1970 ullae,
396 1935 502 1975 pro:
535 1923 631 1971 ulli,
665 1924 716 1964 ut
741 1923 872 1976 Prop.
899 1923 934 1964 I.
962 1923 1031 1971 920,
1063 1923 1142 1964 35:
1177 1922 1335 1963 «nullae
1362 1921 1509 1963 debita
1535 1934 1672 1962 curae»
1694 1922 1738 1963 et

249 1998 328 2039 ΙΠ.
351 2000 415 2048 11,
436 2000 490 2041 57
511 2014 520 2040 :
555 2001 671 2040 «toto
691 2013 786 2054 quae
803 1998 1010 2052 praesidet
1026 1999 1168 2040 urbi».
1182 2023 1240 2027 --
1256 1999 1422 2041 servire
1443 2031 1453 2041 .
1477 2031 1487 2040 .
1513 2032 1521 2040 .
1543 1997 1735 2055 diynior,

250 2089 349 2116 cum
375 2075 609 2125 infinitivo,
650 2078 700 2117 ut
739 2089 874 2130 supra
899 2076 954 2118 Π.
997 2077 1035 2126 6,
1075 2076 1158 2117 43:
1204 2076 1316 2117 «Nec
1350 2075 1547 2117 lacrimis
1586 2075 1737 2117 oculos

251 2153 384 2206 digna
412 2156 478 2195 est
503 2153 667 2195 foedare
692 2154 944 2207 loquaces».
971 2178 1030 2182 —
1054 2150 1146 2194 Nec
1165 2152 1316 2208 possit
1337 2150 1523 2205 cupidos
1538 2150 1737 2208 viyilans

250 2227 522 2283 deprendere
548 2230 716 2284 custos,
755 2229 901 2283 agitur
926 2228 979 2270 de
1014 2229 1177 2270 furtivo
1210 2228 1459 2269 amantium
1485 2240 1735 2281 congressu,

250 2307 299 2346 ut
326 2318 460 2358 supra
485 2305 559 2347 IV.
588 2307 627 2355 5,
658 2306 709 2346 8:
744 2305 1027 2347 «dulcissima
1053 2306 1215 2347 furta».
1242 2328 1300 2333 -
1326 2303 1527 2359 cupidos,
1556 2304 1610 2345 cf.
1636 2303 1737 2345 adn.

252 2381 305 2422 ad
331 2382 365 2423 1.
384 2383 423 2431 8,
448 2383 531 2424 56:
565 2382 805 2436 «cupidis».
826 2407 882 2410 —
899 2382 997 2423 vias
1021 2415 1029 2424 .
1055 2415 1064 2424 .
1092 2415 1099 2423 .
1128 2380 1355 2424 ministret
1371 2379 1524 2431 Amor,
1544 2382 1595 2421 ut
1608 2379 1736 2433 Prop.

248 2458 327 2499 ΠΙ.
359 2459 424 2507 16„
453 2460 534 2500 15:
569 2458 723 2500 «Luna
748 2459 975 2499 ministrat
1000 2458 1125 2500 iter».

310 2535 359 2576 V.
390 2536 577 2577 13—16.
603 2534 780 2585 Adnue,
823 2537 876 2576 cf.
905 2535 1005 2577 adn.
1034 2548 1169 2589 supra
1196 2534 1250 2576 ad
1274 2534 1344 2576 IV.
1375 2536 1413 2584 5,
1442 2535 1511 2576 ΞΟ.
1544 2556 1590 2562 -
1615 2544 1736 2587 pur—

244 2624 481 2667 pureaque
505 2611 608 2655 veni
634 2610 876 2666 perlucida
911 2611 1054 2667 palla,
1087 2612 1215 2654 valde
1257 2611 1415 2659 lucida,
1454 2609 1608 2659 nitida,
1637 2621 1738 2650 can-

251 2688 365 2739 dida,
392 2690 443 2730 ut
476 2701 611 2742 supra
634 2688 707 2730 IV.
735 2689 774 2736 2,
807 2689 884 2729 12:
931 2688 1083 2730 «nivea
1121 2687 1308 2729 candida
1333 2689 1454 2728 veste
1480 2685 1625 2727 venit»
1646 2699 1657 2734 3
1683 2684 1736 2726 cf.
