1942 3132
296 236 369 270 290
849 252 904 280 AD
926 252 974 280 11.
998 250 1030 289 5,
1055 249 1219 280 87--.9o.

298 370 514 423 spument.
531 367 611 408 tibi
638 366 756 409 dolia
781 370 927 409 musto
953 368 1011 409 Et
1034 380 1148 409 nova
1185 368 1428 421 pressantis
1466 367 1670 421 inquinet
1694 381 1781 410 uva

296 446 472 499 pedes».
501 469 559 472 —
583 443 712 499 feriet
746 442 875 498 pede,
910 445 959 485 ut
1001 457 1134 497 supra
1170 443 1203 485 I.
1241 444 1286 493 7,
1317 444 1394 484 3‘6:
1429 456 1659 497 «expressa
1695 457 1781 487 uva

297 522 506 576 pedibus»
540 522 582 562 et
618 520 673 562 ΙΙ.
717 521 751 568 1,
781 521 864 562 45:
897 533 1095 574 «pressos
1132 519 1319 573 pedibus
1358 519 1476 561 dedit
1515 532 1601 560 uva
1633 519 1779 573 ‘liquo-

296 610 407 639 res».
436 621 494 625 —
520 596 646 639 dolia
662 597 678 638 “.
708 629 718 638 .
748 630 756 638 .
787 596 927 647 lacus,
953 597 1003 637 cf.
1033 596 1132 637 adn.
1163 609 1296 649 supra
1322 595 1378 637 ad
1401 596 1434 637 Ι.
1466 596 1502 644 1,
1525 597 1598 637 10:
1624 596 1781 649 «pleno

296 707 304 715 .
336 707 344 715 .
373 707 381 715 .
413 674 552 714 lacu».
582 674 650 700 ——-'
676 671 990 727 deficiantque,
1030 686 1237 725 magnam
1278 672 1369 713 vini
1413 673 1586 725 copiam
1626 685 1780 725 capere

296 764 389 792 non
429 751 614 803 possint.
655 748 720 790 De
761 748 1052 790 collocatione
1094 748 1419 790 coniunctionis
1462 759 1546 802 que
1586 748 1638 788 cf.
1681 746 1779 789 adn.

297 841 430 881 supra
458 827 511 869 ad
535 828 569 869 Ι.
600 829 667 877 10,
695 829 775 870 51:
809 827 1038 871 «Rusticus
1066 841 1087 868 e
1112 827 1342 880 lucoque».

355 904 403 946 V.
432 905 620 946 87—90.
646 902 861 947 madidus
898 902 1096 958 Baccho,
1121 903 1225 945 vino
1241 919 1250 953 ;
1278 904 1329 944 cf.
1361 902 1459 944 adn.
1488 916 1622 957 supra
1647 903 1701 945 ad
1725 902 1780 944 H.

301 984 334 1031 1,
367 983 447 1023 30:
480 981 704 1023 «madere»
738 983 780 1022 et
807 980 861 1022 ad
884 981 918 1022 Ι.
947 982 985 1030 2,
1016 982 1066 1022 3:
1100 980 1265 1021 «multo
1297 992 1556 1033 percussum
1583 982 1785 1033 tempora

296 1058 512 1100 Baccho».
528 1058 730 1100 Pastores
746 1071 847 1099 vere
861 1057 1014 1100 Palilia
1035 1057 1307 1098 celebrantes
1325 1057 1428 1097 vino
1446 1056 1566 1109 large
1582 1059 1783 1107 utuntur,

297 1136 399 1189 quia
425 1137 638 1176 autumno
664 1135 897 1188 praeterito,
925 1135 974 1174 ut
999 1147 1061 1175 vs.
1090 1134 1159 1174 86.
1187 1133 1407 1180 docemur,
1427 1132 1544 1173 bona
1560 1132 1785 1174 vindemia

296 1212 393 1254 fuit.
420 1237 478 1240 —
496 1212 587 1254 'sua
624 1211 741 1267 festa
767 1210 934 1253 Palilia
966 1211 1146 1265 pastor,
1171 1209 1330 1251 Palilia
1356 1208 1425 1250 die
1453 1210 1520 1251 21.
1548 1209 1711 1263 Aprilis
1737 1209 1786 1250 in

296 1288 511 1329 honorem
549 1288 666 1329 Palis
708 1288 927 1329 celebrata
969 1290 1094 1328 erant
1139 1288 1252 1328 festa
1295 1289 1549 1340 pastorum3
1592 1287 1643 1329 cf.
1683 1286 1784 1328 adn.

296 1377 430 1418 supra
455 1364 510 1405 ad
532 1364 567 1406 Ι.
591 1366 625 1413 1,
656 1366 735 1406 35:
769 1352 1100 1417 «pastoremque
1126 1377 1276 1404 meum
1301 1363 1497 1406 lustrare,
1517 1364 1780 1416 quotannis»

298 1443 341 1482 et
380 1440 455 1483 Ov.
497 1440 617 1483 Fast.
659 1441 730 1483 IV.
775 1441 1022 1483 723-724.
1070 1440 1123 1481 de
1162 1439 1399 1481 Palilibus:
1449 1439 1599 1480 «Alma
1644 1439 1783 1488 Pales,

297 1519 445 1559 faveas
470 1518 668 1571 pastoria
694 1531 818 1559 sacra
842 1517 1031 1566 canenti,
1059 1517 1306 1570 Prosequor
1332 1515 1475 1558 officio
1503 1516 1540 1558 si
1566 1518 1642 1557 tua
1674 1516 1788 1557 festa

296 1595 394 1647 pio»
427 1597 469 1635 et
494 1594 620 1648 Prop.
659 1594 732 1636 IV.
773 1595 813 1644 4,
854 1595 923 1636 73.
964 1595 1007 1634 et
1045 1594 1125 1635 75:
1159 1593 1291 1636 «Urbi
1329 1594 1468 1634 festus
1508 1594 1613 1643 erat,
1640 1591 1787 1633 dixere

295 1667 458 1711 Parilia
483 1672 633 1724 patres
660 1703 669 1711 .
698 1703 707 1712 .
735 1703 744 1711 .
774 1670 934 1711 Annua
958 1672 1188 1723 pastorum
1215 1670 1458 1711 convivia».
1476 1694 1534 1697 -—
1562 1667 1789 1722 Conctoaet,

297 1747 516 1788 cantando
542 1746 793 1796 celebrabit,
820 1749 870 1788 ut
890 1746 998 1788 Hor.
1018 1745 1161 1788 Carm.
1179 1746 1250 1788 IV.
1270 1747 1310 1795 4,
1330 1747 1504 1787 41—42
1521 1761 1529 1787 :
1552 1743 1791 1786 «Concinet

296 1824 508 1877 laetosque
551 1823 644 1865 dies
687 1826 730 1865 et
769 1824 891 1866 urbis
931 1823 1162 1865 Publicum
1202 1823 1400 1864 ludum».
1427 1847 1485 1851 —
1522 1834 1552 1864 a
1594 1820 1790 1868 stabulis

301 1901 408 1941 tune
439 1900 604 1955 procul
631 1901 719 1943 este
760 1900 869 1955 lupi,
894 1900 1107 1942 Palilibus
1135 1899 1342 1941 orabatur
1366 1899 1505 1949 Pales,
1535 1899 1616 1941 dea
1642 1901 1790 1953 pasto-

300 1990 411 2026 rum,
440 1980 489 2018 ut
514 1977 644 2030 lupos
671 1978 911 2025 averteret;
939 1977 992 2018 cf.
1012 1975 1088 2018 Ov.
1118 1975 1220 2017 Met.
1248 1975 1319 2017 IV.
1351 1976 1598 2018 765--766.
1626 1977 1791 2029 (pastor

296 2054 351 2095 ad
392 2054 583 2105 Palem):
633 2053 772 2095 «Neve
814 2053 962 2095 minus
1012 2053 1178 2094 multos
1226 2053 1435 2105 redigam,
1484 2066 1615 2106 quam
1660 2065 1792 2093 mane

299 2130 490 2181 fuerunt,
518 2130 636 2172 Neve
662 2143 837 2183 gemam
863 2130 1058 2171 referens
1084 2130 1247 2171 vellera
1285 2132 1412 2184 rapta
1447 2130 1598 2183 lupo».
1625 2154 1684 2157 -—
1710 2126 1794 2171 Ille

300 2206 409 2248 levis
448 2206 628 2261 stipulce
667 2207 900 2249 sollemnis
934 2209 1073 2262 potus
1112 2219 1297 2250 acervos
1324 2204 1547 2249 Accendet
1581 2206 1794 2261 flammas

299 2283 614 2340 transilietque
647 2296 822 2337 sacras,
861 2284 913 2325 cf.
955 2283 1081 2337 Prop.
1121 2283 1192 2325 IV.
1237 2285 1273 2333 1,
1305 2284 1383 2326 19:
1417 2283 1686 2336 «Annuaque
1724 2295 1792 2323 ac-

298 2372 431 2401 censo
470 2360 689 2402 celebrare
728 2360 885 2402 Palilia
924 2361 1061 2402 faeno»
1095 2362 1138 2401 et
1168 2360 1241 2403 IV.
1269 2361 1308 2410 4,
1339 2360 1537 2402 77—78:
1572 2357 1793 2412 «Cumque

301 2449 433 2488 super
477 2450 601 2478 raros
648 2437 749 2478 faeni
795 2436 1068 2479 flammantis
1114 2449 1295 2481 acervos
1334 2436 1496 2478 Traicit
1540 2434 1793 2478 immundos

303 2511 424 2553 ebria
462 2512 590 2554 turba
628 2513 785 2566 pedes»
795 2528 805 2563 ;
834 2513 909 2556 Ov.
937 2513 1057 2556 Fast.
1083 2513 1156 2556 IV.
1186 2514 1443 2557 781—-78922
1478 2511 1690 2566 «Moxque
1715 2525 1795 2565 per

298 2590 502 2632 ardentes
530 2591 703 2644 stipulae
731 2592 988 2645 crepitantis
1014 2604 1194 2633 acervos
1222 2590 1417 2632 Traicias
1454 2589 1587 2631 celeri
1612 2591 1795 2633 strenua

299 2667 497 2708 membra
534 2666 687 2720 pede».
715 2667 929 2709 Palilibus
966 2668 1273 2710 lustrabantur
1308 2669 1509 2721 pastores
1548 2664 1603 2707 ob
1642 2664 1795 2718 culpas

298 2757 418 2785 anno
455 2744 677 2798 praeterito
716 2745 1000 2794 commissas;
1028 2746 1079 2786 cf.
1121 2758 1255 2798 supra
1278 2744 1314 2787 Ι,
1346 2746 1383 2796 1,
1412 2745 1493 2787 35:
1526 2743 1794 2797 «pastorem-

1936 2728 1942 2825 ἐ
