1942 3132
804 219 861 248 AD
883 218 914 248 1.
938 218 972 256 8,
1000 218 1117 250 1—4.
1674 210 1717 246 81

202 337 339 383 lentis
363 337 545 391 penitus
571 349 770 378 macerer
807 335 1031 390 ignibus»;
1059 335 1137 378 Ov.
1165 337 1214 378 A.
1242 338 1291 378 A.
1321 338 1398 380 ΙΠ.
1429 340 1543 383 573:
1577 341 1720 395 «Igni-

202 415 285 456 bus
312 446 322 457 .
352 446 362 456 .
390 446 401 456 .
429 413 566 455 lentis
592 414 827 467 torquetur
851 414 903 454 ut
926 411 1082 454 umida
1106 413 1265 455 taeda».
1294 439 1352 442 —
1379 416 1529 471 turpis
1555 416 1722 472 fabula

201 491 327 546 fiam,
355 503 413 532 ne
438 492 616 544 turpem
642 488 845 531 fabulam
861 487 916 530 de
930 502 1002 530 me
1021 489 1229 531 homines
1255 494 1467 540 narrent;
1494 492 1720 535 Tibullum

202 569 407 611 imitatur
431 567 508 611 Ov.
537 569 586 610 A.
614 568 663 610 A.
693 568 807 610 630:
840 566 924 610 «Ut
950 580 1172 621 quamque
1197 568 1413 621 attigeris,
1441 569 1595 612 fabula
1627 573 1719 612 tur-

201 647 272 703 pis
299 647 424 688 erit».
445 643 509 687 Cf.
538 643 660 699 apud
683 642 911 685 Tibullum
937 643 1089 697 ipsum
1115 642 1170 685 II.
1202 645 1242 695 3,
1271 645 1322 687 31
1343 660 1353 687 :
1387 644 1583 687 «Fabula
1599 660 1719 688 nunc

201 724 278 766 ille
317 725 428 772 est»;
465 721 577 765 Hor.
617 720 758 775 Epod.
804 720 871 770 11,
912 721 966 762 8:
1000 719 1176 762 «fabula
1213 722 1383 774 quanta
1421 721 1510 762 fui»
1558 725 1602 763 et
1638 723 1717 778 Ep.

199 799 233 842 I.
269 801 334 847 13,
363 800 417 842 9:
450 797 735 852 «Cognomen
761 800 910 839 vertas
936 797 985 838 in
1010 796 1154 838 risum
1181 800 1225 838 et
1252 796 1404 839 fabula
1428 796 1556 848 fias»;
1589 798 1717 854 Prop.

200 875 256 917 Π.
287 876 357 925 2²4,
390 875 440 917 1:
475 873 564 916 «Tu
605 873 817 928 quereris,
859 885 961 915 cum
1001 873 1063 915 sis
1101 874 1194 915 iam
1220 877 1329 916 noto
1369 873 1522 916 fabula
1559 874 1698 917 libro»
1707 890 1719 925 3

203 952 280 995 Ov.
309 953 409 995 Am.
447 952 527 994 111.
571 953 607 1002 1,
637 952 720 994 21:
754 950 964 1001 «Fabula,
997 964 1081 993 nec
1121 952 1274 1002 sentis,
1316 954 1414 994 tota
1451 953 1632 995 iactaris
1671 954 1719 995 in

201 1030 355 1072 urbe».
383 1028 530 1072 Simili
569 1042 703 1072 sensu
744 1029 936 1071 occurrit
973 1042 1138 1072 mmor
1175 1030 1294 1084 apud
1332 1030 1465 1084 Prop.
1503 1031 1535 1073 L
1566 1033 1606 1081 5,
1636 1032 1718 1074 26:

208 1108 377 1159 «Quam
403 1106 492 1148 cito
519 1106 573 1148 de
598 1108 727 1148 tanto
753 1106 939 1148 nomine
967 1119 1121 1148 rumor
1153 1107 1283 1149 eris».

937 1356 994 1398 11.

779 1503 869 1544 Lib.
897 1504 931 1543 1.
962 1503 1075 1554 0103.
1101 1506 1143 1545 8.

260 1647 634 1692 Introductio.
662 1649 800 1691 Poeta
826 1649 1033 1691 hortatur
1050 1647 1321 1699 Marathum,
1341 1663 1532 1705 puerum
1559 1651 1720 1693 delica-

201 1731 298 1769 tum
325 1726 410 1768 sibi
436 1739 603 1776 carum,
632 1740 767 1781 quem
795 1740 949 1768 amore
975 1726 1170 1769 Pholoes
1197 1727 1401 1781 deperire
1441 1728 1719 1770 animadver-

203 1805 271 1854 tit,
297 1807 348 1846 ut
372 1817 468 1846 rem
494 1804 778 1847 dissimulare
818 1805 996 1847 desinat
1023 1805 1214 1858 (1—-16).
1244 1805 1346 1847 Non
1383 1807 1567 1860 magicae
1601 1809 1720 1848 artes

203 1881 244 1922 ei
285 1884 549 1929 nocuerunt,
591 1881 668 1923 sed
714 1882 1003 1936 pulchritudo
1046 1883 1207 1936 puellae
1249 1884 1474 1935 (17—26).
1517 1883 1720 1925 Puellam

203 1956 362 1999 deinde
403 1957 660 2011 alloquitur,
687 1960 738 1999 ut
778 1971 918 2011 puero
957 1957 1104 1999 facilis
1137 1958 1196 2000 sit
1235 1961 1279 1999 et
1315 1958 1598 2001 iuventutem
1625 1960 1722 2001 eius

203 2034 336 2076 donis
382 2035 483 2077 cani
530 2035 747 2077 amatoris
795 2036 1030 2090 praeferat;
1076 2035 1241 2089 gaudia
1287 2036 1409 2077 enim
1456 2037 1634 2086 amoris,
1683 2037 1720 2078 si

203 2113 412 2154 iuventus
450 2112 727 2166 praeterierit‚
757 2112 897 2154 nullis
935 2111 1198 2155 muneribus
1238 2115 1370 2167 atque
1397 2112 1569 2155 artibus
1595 2127 1720 2157 revo-

203 2189 294 2231 cari
321 2191 480 2243 postea
504 2202 635 2243 posse
662 2191 884 2243 (027—-52).
909 2191 1072 2233 Narrat
1096 2191 1303 2247 querelas
1327 2193 1454 2247 pueri
1480 2192 1723 2235 infeliciter

205 2266 411 2316 amantis,
453 2268 504 2307 ut
541 2267 744 2308 animum
783 2266 977 2310 Pholoes
1002 2266 1155 2309 flectat
1191 2267 1413 2319 (53-66).
1453 2269 1509 2310 In
1548 2267 1637 2310 fine
1679 2269 1720 2310 ei

205 2355 361 2397 poenas
407 2342 605 2392 deorum,
656 2343 859 2386 ultorum
906 2344 1200 2395 crudelitatis,
1247 2345 1447 2386 minatur
1492 2347 1536 2387 et
1585 2348 1722 2387 terret

204 2418 407 2473 exemplo
434 2419 643 2468 Marathi,
673 2419 748 2474 qui
776 2432 899 2462 nunc
924 2423 1186 2476 torqueatur
1207 2422 1336 2472 fastu,
1357 2434 1445 2476 quo
1465 2424 1598 2464 antea
1623 2422 1719 2476 ipse

207 2498 429 2537 amatores
456 2508 562 2537 suos
588 2496 856 2539 cruciaverit
879 2497 1101 2550 (67—78).

266 2572 314 2614 V.
349 2574 473 2615 1—4.
503 2572 610 2616 Non
636 2586 716 2630 eqo
743 2573 888 2618 celari
906 2586 1116 2630 possum,
1145 2578 1279 2629 poeta
1304 2574 1550 2629 alloquitur
1575 2574 1718 2616 Mara-

206 2650 347 2699 thum,
375 2650 503 2692 cuius
531 2663 731 2692 amorem
759 2651 809 2693 in
837 2650 1040 2694 Pholoen
1066 2654 1145 2704 (vs.
1174 2653 1262 2704 96.)
1290 2666 1342 2694 ex
1372 2652 1553 2694 indiciis
1587 2652 1718 2693 certis

205 2727 426 2780 cognovit.
455 2751 514 2756 —
538 2727 706 2783 ferant,
737 2727 1003 2782 significent,
1029 2730 1255 2772 nuntient.
1275 2753 1333 2758 —
1351 2728 1444 2771 Nec
1471 2728 1588 2771 mihi
1613 2731 1718 2770 sunt

277 2820 437 2855 Nmmy
447 2829 459 2849 .·
477 2821 563 2849 Αιῡιι·
585 2821 703 2848 muna·
723 2822 890 2850 carmina.
1550 2812 1570 2843 6
