1942 3132
714 240 771 271 m
791 240 823 270 1.
840 238 881 278 ⁷9,
906 238 1075 269 23—38.
1609 223 1656 259 93

178 359 248 402 -V.
277 359 468 403 23—-28.
510 356 587 403 Est
613 357 743 411 deus,
783 369 842 399 so.
882 357 1034 406 Amor,
1078 356 1154 411 qui
1191 355 1398 398 infideles
1429 356 1573 411 punit.
1602 381 1660 386 —-

141 436 278 480 tacito
304 468 315 478 .
342 469 353 480 .
382 468 394 479 .
421 435 651 486 ministro,
695 447 836 484 servo,
881 434 956 489 qui
999 435 1198 475 ceterum
1236 432 1429 475 fideliter
1465 434 1661 476 custodit

140 517 309 557 secreta
334 513 519 556 domini.
552 537 606 542 —
632 512 772 565 laeve,
805 511 942 554 stulte
971 512 1112 564 (voa),
1144 513 1195 553 ut
1219 510 1329 552 Hor.
1358 510 1407 552 A.
1437 510 1482 552 P.
1514 513 1661 553 301-—

141 593 253 634 302:
286 589 347 633 «Ο
374 603 456 646 ego
496 590 646 640 laevus,
675 589 754 644 qui
791 602 964 644 purgor
1004 588 1143 630 bilem
1182 587 1265 630 sub
1290 588 1418 630 verni
1444 589 1661 642 temporis

141 670 322 712 horam»
354 670 399 710 et
435 667 562 722 Verg.
589 667 681 709 Eel.
715 668 750 717 1,
784 667 850 709 16.
880 666 924 708 et
947 666 1060 708 Aen.
1089 666 1146 708 IL
1175 666 1259 708 54:
1292 666 1355 707 «si
1395 678 1526 707 mens
1567 678 1660 707 non

140 746 252 788 laeva
290 746 490 788 fuisset».
532 744 749 788 Similiter
787 746 1035 798 usurpatur
1074 742 1229 786 Graeee
1262 745 1423 790 σκαιός.
1454 742 1662 784 Ceterum

143 822 268 866 laeve
310 825 379 865 est
417 836 519 865 mea
560 823 844 871 coniectura3
887 822 939 863 cf.
984 821 1103 863 infra
1135 820 1237 863 adn.
1267 821 1363 862 crit.
1393 819 1449 861 ad
1475 819 1518 861 h.
1547 820 1575 861 l.
1604 844 1662 848 —

128 898 308 943 *Ederet
332 903 383 944 ut
407 899 554 943 multo
581 898 728 943 libera
751 897 893 942 verba
919 911 1061 951 mero,
1087 900 1138 940 ut
1163 897 1241 940 Ov.
1272 898 1400 940 Trist.
1420 897 1499 939 HL
1519 899 1559 947 5,
1577 898 1661 939 48:

147 978 407 1032 «Lapsaque
434 979 541 1020 sunt
564 977 707 1026 nimio
733 976 868 1018 verba
892 977 1083 1031 profana
1109 989 1277 1017 mero».

200 1054 250 1096 V.
281 1056 470 1098 29—34.
499 1053 563 1098 ad
589 1057 769 1098 teneros
795 1087 805 1097 .
834 1087 844 1096 .
873 1087 883 1096 .
908 1053 1064 1110 pedes,
1095 1067 1152 1095 sc.
1183 1053 1392 1095 Marathi.
1421 1077 1481 1081 —
1508 1050 1662 1095 divitis

141 1132 250 1174 auri
275 1129 496 1181 Pondere,
522 1133 573 1173 ut
598 1131 734 1173 etiam
759 1131 879 1172 infra
907 1131 940 1172 Ι.
976 1132 1042 1180 10,
1074 1131 1126 1172 7:
1161 1129 1349 1171 «Divitis
1390 1129 1475 1170 hoe
1500 1127 1662 1170 vitium

142 1212 210 1251 eet
246 1209 388 1259 auri»;
427 1209 576 1251 locum
618 1208 823 1250 imitatur
861 1208 999 1263 Lygd.
1031 1209 1069 1258 3,
1105 1207 1184 1249 11;
1219 1207 1357 1248 «Nam
1395 1219 1528 1261 grave
1556 1205 1662 1260 quid

141 1286 323 1341 prodest
347 1286 524 1341 pondus
555 1285 669 1328 mihi
695 1285 847 1327 divitis
880 1286 1021 1328 auri».
1052 1282 1114 1327 Cf.
1144 1285 1272 1339 Prop.
1301 1284 1379 1326 III.
1410 1286 1449 1334 5,
1470 1285 1526 1326 4ε
1550 1283 1662 1324 «Nee

141 1364 254 1407 bibit
280 1377 302 1406 e
330 1375 507 1418 gemma
532 1364 668 1406 divite
694 1365 852 1406 nostra
891 1363 1037 1406 sitis».
1062 1388 1121 1391 —
1151 1361 1415 1418 Campania
1447 1365 1588 1411 terra,
1614 1363 1664 1402 ut

141 1442 304 1484 dieitur
331 1442 491 1485 etiam:
530 1444 648 1483 terra
673 1440 849 1491 Arabia,
878 1440 1028 1482 Africa
1054 1443 1166 1490 ete.;
1211 1439 1510 1494 Campaniam
1542 1451 1662 1481 eom-

142 1506 375 1569 memorat,
420 1519 524 1574 quia
566 1520 678 1561 teste
718 1518 833 1560 Plin.
873 1518 923 1560 N.
967 1518 1024 1560 H.
1053 1517 1213 1560 XVIII.
1263 1518 1372 1560 111:
1406 1517 1664 1558 «universas

142 1600 283 1639 terras
309 1609 495 1652 campus
521 1596 777 1652 Campanus
805 1595 1053 1639 antecedit»
1086 1609 1143 1638 se.
1165 1596 1408 1638 fertilitate.
1444 1593 1508 1636 Cf.
1533 1593 1661 1647 Prop.

143 1674 222 1716 HL
252 1676 291 1724 5,
322 1676 375 1717 5:
409 1674 522 1717 «Nee
548 1675 663 1717 mihi
699 1674 826 1716 mille
851 1674 968 1728 iugis
995 1673 1249 1728 Campania
1273 1672 1457 1727 pinguis
1484 1673 1657 1713 aratur»

147 1754 191 1793 et
216 1751 294 1794 Ov.
321 1751 387 1793 Ex
411 1751 537 1794 Pont.
566 1751 637 1794 IV.
672 1753 738 1801 15,
772 1752 852 1794 17:
886 1765 986 1793 «rus
1031 1751 1177 1794 oculis
1216 1750 1391 1792 domini
1417 1748 1665 1803 Campania

145 1832 364 1882 gratum».
392 1853 451 1857 —
476 1826 652 1871 Bacchi
677 1841 792 1871 cura
817 1827 862 1870 F
858 1828 1047 1871 alernas
1073 1840 1203 1884 ayer,
1230 1827 1279 1868 in
1305 1826 1555 1880 Campania
1582 1824 1663 1867 sub

148 1908 300 1948 monte
326 1904 531 1955 Massico,
571 1905 647 1947 ubi
684 1905 842 1947 vinum
880 1905 1107 1947 crescebat
1143 1903 1569 1958 generosissimum3
1610 1902 1661 1943 cf.

149 1983 257 2025 Stat.
288 1982 392 2025 Silv.
421 1982 477 2024 IL
507 1984 546 2032 2,
565 1983 711 2025 4-—52
735 1982 858 2034 «Qua
883 1981 1066 2024 Bromio
1090 1981 1281 2024 dilectus
1307 1994 1414 2034 ager
1438 1980 1664 2034 collesque

147 2075 226 2116 per
251 2061 369 2103 altos
395 2060 550 2103 Uritur
576 2062 620 2102 et
644 2060 782 2115 prelis
808 2072 901 2101 non
928 2058 1101 2101 invidet
1125 2072 1213 2101 uva
1237 2057 1486 2100 Falernis».

207 2137 257 2179 V.
288 2138 477 2180 35—38.
506 2134 605 2179 Illis
642 2136 839 2192 eriperes
876 2136 1028 2180 verbis
1053 2139 1150 2186 etc„
1182 2136 1423 2190 intellege:
1449 2135 1543 2177 illis
1568 2148 1664 2177 ver-

149 2215 217 2258 bis
233 2207 437 2270 ¹eriperes
473 2214 586 2256 mihi
625 2214 899 2268 opinionem,
930 2212 1078 2256 sidera
1115 2214 1263 2256 lucere
1302 2214 1381 2256 ete.
1410 2238 1469 2241 —
1495 2212 1666 2255 rubras

148 2292 362 2350 fulminis
389 2304 484 2334 esse
510 2292 626 2343 vias,
648 2292 702 2333 cf.
730 2291 856 2333 Pind.
882 2290 948 2333 Ol.
969 2293 1009 2342 9,
1033 2292 1113 2334 10:
1140 2291 1243 2339 Ζεὺς
1270 2293 1664 2349 φοινικοστερόπας;

149 2369 256 2412 Hor.
286 2369 430 2413 Carm.
459 2367 493 2410 L
524 2370 563 2418 Ξ,
593 2369 723 2411 2—3.
751 2367 806 2410 de
832 2367 936 2411 Iove
964 2369 1265 2411 fulminante:
1300 2368 1514 2410 «rubente
1551 2367 1663 2409 Dex-

148 2450 243 2490 tera
269 2459 418 2490 sacras
443 2445 665 2488 iaculatus
691 2458 860 2495 arees»;
888 2445 1018 2488 Mart.
1049 2445 1153 2500 Cap.
1186 2447 1225 2496 2,
1259 2447 1368 2489 123:
1402 2459 1554 2488 «saera
1579 2445 1663 2487 ful·

150 2537 260 2578 gnra
285 2537 364 2566 eur
390 2523 695 2566 rutilescant».
724 2522 932 2565 Ceterum
958 2521 1130 2566 rubras
1157 2525 1224 2565 est
1255 2524 1515 2565 coniectura
1540 2523 1665 2565 Post-

149 2602 284 2655 gatii3
311 2602 363 2643 ef.
394 2602 511 2642 infra
539 2599 639 2642 adn.
668 2600 763 2642 erit.
793 2599 848 2642 ad
864 2600 907 2642 h.
927 2600 955 2642 l.
974 2625 1034 2629 —
1049 2601 1167 2654 vias,
1185 2600 1239 2643 de
1257 2600 1447 2643 fulmine
1465 2600 1661 2648 cadente,

151 2681 202 2721 ut
228 2677 382 2721 Senec.
410 2678 587 2731 Thyest.
619 2678 731 2719 358:
755 2676 921 2730 «Quem
937 2691 1032 2720 non
1049 2678 1276 2721 concutiat
1303 2677 1467 2720 cadens
1485 2677 1663 2730 Obliqui

150 2755 224 2797 via
250 2754 496 2798 fulminis».
526 2753 591 2796 Cf.
619 2753 747 2808 Verg.
775 2754 884 2797 Aen.
912 2754 969 2797 Π.
999 2755 1250 2797 696-698.
1292 2755 1345 2797 de
1386 2755 1516 2797 stella
1557 2753 1663 2795 eaelo
