1942 3132
759 227 818 257 An
838 227 868 256 1.
892 225 928 264 7,
951 223 1118 254 49—54.
1626 209 1690 245 191

191 345 281 390 Sub
307 347 459 390 divum
484 346 699 402 rapiam».
726 369 785 373 —
813 343 922 387 levis
950 377 960 386 .
989 375 1000 386 .
1027 376 1036 384 .
1065 342 1198 396 cista,
1224 344 1318 384 erat
1350 341 1470 383 enim
1495 341 1693 383 viminea

190 425 269 466 aut
291 423 443 473 vitilis,
472 426 522 466 ut
545 422 664 465 infre
687 421 742 464 Π.
772 422 810 471 3,
844 422 922 464 15:
947 420 1093 462 «Tunc
1118 418 1285 461 fiscella
1310 419 1400 460 levi
1425 418 1600 460 detexta
1627 422 1692 460 est

189 501 356 543 vimine
389 500 554 550 iunci-3
591 500 645 542 cf.
684 498 796 541 Plin.
837 498 886 540 N.
928 497 985 540 H.
1025 496 1116 539 XV.
1156 497 1226 539 60,
1267 498 1311 538 et
1347 495 1462 537 XVI.
1503 497 1601 537 209.
1637 520 1692 523 —-

190 577 375 622 conscia
402 612 411 620 .
440 612 449 621 .
480 612 489 621 .
517 576 682 631 sacris,
727 590 828 618 cum
877 575 1040 626 dativo,
1086 577 1138 617 ut
1183 573 1259 616 Ov.
1301 573 1406 616 Her.
1447 572 1539 614 XV.
1585 573 1692 614 138:

197 654 411 698 «Conscia
445 655 616 698 deliciis
653 654 733 696 illa
771 654 893 696 fuere
930 653 1068 695 meis»
1102 650 1289 694 ei‘Mess.
1322 650 1393 693 VI.
1435 651 1550 692 587:
1583 663 1694 690 «nox

191 733 369 775 conscia
394 734 571 775 sacris».

178 826 181 829 ¹
250 810 300 853 V.
326 811 516 853 49—54.
544 807 649 852 Huc
673 811 768 860 etc„
796 808 959 867 invitat
984 806 1149 849 Osirim
1173 806 1217 859 (i.
1238 819 1273 848 e.
1301 805 1555 856 Bacchum),
1582 804 1693 845 laeti-

191 888 264 929 tia}
301 886 514 938 datorem,
554 886 610 928 ad
647 886 847 928 natalem
884 884 1106 927 Messallae
1144 883 1244 925 laete
1283 880 1611 930 celebrandum,
1645 882 1695 921 ut

191 963 306 1006 Dido
330 963 380 1006 in
404 963 607 1006 convivio
633 962 759 1017 Verg.
788 962 897 1004 Aen.
923 961 959 1004 Ι.
987 962 1100 1004 734:
1133 959 1284 1002 «Adsit
1308 958 1474 1000 laetitiae
1490 957 1694 999 Bacchus

192 1041 360 1084 dator».
387 1065 444 1069 —
475 1038 575 1082 Huc
611 1039 738 1094 ades,
774 1040 861 1081 huc
898 1039 1014 1089 veni,
1054 1041 1104 1080 ut
1138 1037 1196 1080 H.
1240 1038 1276 1086 1,
1317 1037 1386 1078 35.
1414 1038 1458 1077 et
1481 1034 1555 1077 IV.
1581 1035 1623 1083 4,
1658 1035 1692 1083 1,

193 1122 236 1160 et
262 1119 288 1161 2
304 1133 315 1168 ;
341 1118 395 1160 cf.
422 1117 499 1160 Ov.
527 1116 632 1159 Met.
659 1117 716 1159 Π.
744 1118 1005 1160 512—513:
1039 1114 1284 1167 «Quaeritis,
1324 1113 1522 1157 aetheriis
1560 1125 1693 1166 quare

192 1195 346 1250 regina
370 1194 554 1237 deorum
579 1194 679 1236 Huc
701 1192 886 1236 adsim».
907 1218 964 1222 ——
980 1195 1022 1236 el
1047 1194 1227 1236 centum
1255 1190 1378 1234 ludis
1409 1188 1694 1245 Geniumque

193 1270 368 1315 choreis
395 1269 688 1326 Concelebra,
715 1274 809 1312 erat
836 1271 957 1312 enim
982 1269 1078 1312 dies
1117 1268 1282 1311 natalis
1309 1267 1455 1311 Genio
1495 1268 1694 1309 sacrat-us

192 1348 335 1391 multa
357 1361 460 1390 cum
498 1348 725 1390 hilaritate
762 1347 1054 1390 celebrandus
1070 1362 1080 1397 ;
1119 1347 1172 1388 cf.
1201 1345 1278 1388 Ov.
1306 1345 1371 1386 Ex
1395 1344 1523 1386 Pont.
1552 1342 1624 1385 IV.
1652 1344 1692 1393 9,

197 1428 440 1470 115—116.
469 1426 522 1469 de
548 1427 687 1469 natali
726 1426 1010 1481 imperatoris
1037 1439 1062 1468 a
1089 1438 1135 1468 se
1162 1422 1452 1467 celebrando:
1486 1421 1695 1463 «Pontica

191 1518 263 1546 me
299 1504 447 1553 tellus,
487 1503 667 1558 quantis
705 1503 787 1546 hac
824 1516 1065 1558 possumus
1104 1515 1194 1553 ora,
1221 1501 1426 1544 Natalem
1462 1499 1581 1541 ludis
1614 1499 1697 1541 scit

192 1576 415 1624 celebrare
442 1581 555 1623 dei».
583 1580 734 1623 Ludos
760 1583 804 1623 et
835 1581 1020 1623 choreas
1058 1579 1129 1622 die
1167 1579 1310 1622 natali
1335 1577 1538 1632 Cynthiae
1577 1590 1693 1619 com-

192 1661 411 1713 memorat
451 1659 587 1701 etiam
627 1659 755 1713 Prop.
799 1658 875 1700 111.
925 1659 990 1708 10,
1034 1659 1102 1700 21.
1147 1671 1249 1712 sqq..
1266 1681 1324 1685 -
1349 1658 1531 1698 centum
1573 1652 1695 1696 ludis

198 1733 480 1792 Geniumque
506 1735 694 1789 choreis,
718 1737 746 1778 i.
776 1750 811 1778 e.
840 1739 1020 1778 centum
1046 1734 1163 1776 ludis
1190 1734 1452 1788 choreisque
1471 1732 1693 1780 Genium;

193 1813 248 1855 de
275 1813 458 1856 insolita
494 1813 788 1856 collocatione
826 1813 1159 1855 coniunctionis
1187 1823 1302 1867 -que
1337 1812 1389 1852 cf.
1418 1809 1519 1852 adn.
1562 1823 1696 1863 supra

197 1891 252 1933 ad
277 1890 309 1932 I.
337 1892 380 1941 4,
408 1892 459 1933 ⁶2:
493 1891 581 1932 «Ne
608 1890 742 1945 capiti
770 1891 887 1932 soles
912 1903 969 1931 ne
996 1891 1274 1942 noceantque
1316 1888 1485 1929 nives».
1513 1911 1571 1914 —
1602 1883 1694 1928 Ge—

195 1968 341 2022 nium,
381 1982 436 2010 sc.
477 1968 725 2018 Messallae3
764 1980 870 2009 nam
907 1967 1099 2009 Romani
1138 1965 1209 2007 die
1247 1964 1390 2006 natali
1428 1963 1572 2006 Genio
1615 1976 1695 2006 suo

196 2045 515 2088 sacrificabant.
543 2070 601 2074 —
629 2048 849 2101 tempora,
886 2047 1031 2099 caput,
1073 2044 1100 2085 i.
1129 2057 1165 2085 e.
1205 2045 1428 2091 mentem3
1468 2043 1520 2083 cf.
1561 2054 1697 2094 supra

196 2124 296 2167 adn.
337 2122 393 2165 ad
430 2124 461 2165 I.
492 2125 531 2172 02,
561 2124 611 2165 3:
651 2123 816 2165 «multo
854 2135 1115 2177 percussum
1154 2123 1355 2174 tempora
1391 2119 1610 2161 Baccho».
1638 2143 1693 2146 —

194 2199 337 2258 funde
374 2212 516 2254 mero,
539 2199 823 2250 madefacias,
850 2199 878 2241 i.
909 2213 944 2240 e.
972 2198 1179 2246 inebries,
1208 2199 1258 2239 ut
1282 2196 1390 2238 Hor.
1419 2195 1563 2238 Carm.
1591 2195 1624 2236 I.
1656 2196 1694 2243 7,

197 2280 252 2321 22
268 2277 291 2320 ε’
311 2278 425 2320 «uda
449 2277 580 2331 Lyaeo
606 2277 848 2331 Tempora»
857 2291 867 2326 ;
894 2277 947 2318 cf.
976 2276 1131 2318 solitas
1170 2275 1443 2317 locutiones:
1472 2275 1576 2315 vino
1602 2286 1695 2314 ma·

196 2354 312 2406 dere,
338 2354 578 2403 madefieri,
606 2354 835 2396 madidum
873 2354 965 2396 sive
990 2352 1174 2395 uvidum
1214 2366 1323 2402 esse,
1351 2354 1402 2394 ut
1427 2351 1545 2393 infra
1570 2350 1625 2391 H.
1659 2351 1694 2393 1.

197 2433 278 2475 29:
312 2433 450 2474 «festa
475 2432 574 2473 luce
599 2431 803 2474 madere»
834 2433 879 2473 et
902 2431 958 2473 IL
987 2433 1027 2474 5.
1048 2432 1102 2474 87
1119 2446 1129 2472 :
1154 2429 1385 2472 «madidus
1400 2428 1619 2470 Baccho».
1640 2454 1643 2455 ν
1663 2453 1686 2455 -

197 2508 331 2553 Illius
358 2511 398 2552 et
426 2507 569 2552 nitido
595 2508 767 2552 stillent
790 2509 1027 2566 unquenta
1052 2507 1234 2564 capillo,
1261 2506 1318 2549 Et
1342 2506 1486 2563 capite
1518 2507 1557 2548 el
1582 2504 1695 2547 collo

197 2586 359 2631 mollia
385 2589 509 2630 serta
533 2587 672 2642 yerat.
702 2583 777 2628 Sic
814 2586 986 2637 venias,
1010 2587 1190 2627 invocat
1214 2583 1420 2633 Genium,
1448 2586 1499 2625 ut
1524 2584 1571 2625 in
1602 2597 1695 2625 mo-

197 2663 304 2706 dum
328 2664 419 2706 laeti
444 2664 639 2707 convivae
666 2667 709 2705 et
734 2664 847 2706 festo
873 2663 1006 2705 hilari
1033 2663 1351 2704 convenienter
1388 2662 1534 2703 unctis
1561 2660 1695 2713 capil-

197 2739 254 2783 lis
279 2743 324 2783 et
347 2741 524 2784 coronis
563 2743 747 2783 ornatus
784 2739 842 2782 ad
878 2752 1002 2782 sacra
1041 2753 1122 2782 sua
1147 2739 1310 2788 veniat,
1339 2741 1389 2780 ut
1426 2739 1543 2779 infra
1569 2737 1624 2778 II.
1657 2739 1693 2780 2).
