1942 3132
751 236 809 268 Al>
828 233 860 267 1.
883 234 918 274 9,
944 234 1112 266 71—84.
1647 219 1694 258 9¹!

173 347 280 400 Her.
299 357 375 400 IX.
395 359 480 400 59:
504 355 630 399 «Non
653 354 817 412 puduit
840 355 979 397 fortes
1006 366 1116 397 auro
1143 353 1354 397 cohibere
1381 355 1615 399 lacertos».
1635 381 1694 386 —

144 487 152 490 Δ,
182 433 321 492 Tyrio
357 431 556 491 prodeat
597 435 710 489 apta
748 432 873 485 sinu,
911 431 1034 486 palla
1070 444 1312 487 purpurea,
1350 435 1402 475 ut
1439 432 1511 475 IV.
1542 435 1581 482 2,
1613 433 1695 476 11:

181 513 319 563 «Urit,
360 526 441 556 seu
478 511 611 567 Tyria
647 510 794 554 voluit
829 509 1071 564 procedere
1110 510 1273 564 palla».
1302 535 1362 540 —
1394 509 1609 567 prodeat,
1647 512 1696 553 in

177 594 469 644 conspectum
515 588 754 631 hominum
798 585 964 630 veniat.
993 611 1051 615 —
1079 589 1206 643 apta,
1253 590 1425 637 ornata,
1474 590 1526 630 ut
1564 588 1693 642 Verg.

176 666 286 709 Aen.
325 665 397 708 IV.
441 666 531 709 482
546 680 558 709 t
604 663 767 708 «Axem
813 675 969 706 umero
1017 666 1198 719 torquet
1244 663 1388 706 stellis
1434 665 1698 707 ardentibus

178 746 379 798 aptum».

235 819 286 862 V.
317 819 507 863 71—76.
537 818 768 874 devoveat,
791 818 963 874 perdat.
992 843 1052 847 ——-
1076 831 1265 876 remque
1291 817 1584 876 domumque,
1602 830 1698 861 rem

178 898 449 941 familiarem
475 902 519 941 et
543 900 687 941 totam
711 897 925 947 domum:
951 898 1003 940 cf.
1033 896 1110 940 Ov.
1140 897 1246 940 Her.
1279 898 1347 948 17,
1380 899 1490 941 159:
1514 912 1698 953 «resque

178 975 472 1031 domusque».
499 1001 559 1005 —
584 975 710 1026 vitio,
736 975 959 1030 pravitate
987 975 1140 1018 animi.
1165 1001 1225 1005 —
1249 974 1467 1020 Venerem
1493 976 1696 1033 iungere,

178 1053 490 1104 concumbere,
538 1056 590 1096 ut
629 1053 751 1096 infra
793 1053 866 1097 IV.
911 1053 978 1102 13,
1022 1055 1048 1096 2
1064 1068 1076 1104 ;
1115 1053 1192 1096 Ov.
1233 1054 1282 1096 A.
1323 1055 1372 1096 A.
1414 1053 1470 1096 H.
1514 1055 1613 1096 679.
1657 1058 1700 1096 et

177 1129 303 1173 Rem.
331 1132 434 1175 407.

239 1208 289 1251 V.
319 1209 510 1252 77—80.
529 1206 861 1252 Blanditiasne
877 1221 1007 1252 meas
1035 1241 1045 1250 .
1070 1241 1081 1251 .
1113 1242 1122 1250 .
1148 1208 1308 1252 oscula
1333 1242 1342 1250 .
1370 1241 1380 1250 .
1410 1242 1420 1250 .
1449 1220 1569 1260 mea,
1586 1208 1701 1250 mihi

179 1285 344 1335 debita,
370 1287 421 1327 ut
446 1284 525 1328 Ov.
551 1285 658 1328 Her.
688 1287 759 1336 20,
791 1287 888 1328 145.
916 1285 1134 1327 Acontius
1172 1285 1227 1327 de
1264 1285 1395 1327 rivali
1435 1299 1543 1328 suo:
1577 1299 1702 1327 «mea

179 1364 371 1418 turpiter
396 1364 549 1406 oscula
576 1365 760 1406 sumis».
789 1389 846 1392 —
874 1376 948 1406 me
972 1364 1178 1407 vinctum
1196 1375 1318 1419 puer
1342 1363 1462 1406 alter
1502 1361 1700 1412 habebit,

179 1441 423 1484 deffvinclis
461 1443 628 1485 amoris
654 1443 708 1484 cf.
748 1442 868 1484 infra
893 1441 926 1484 I.
960 1442 997 1492 1,
1026 1443 1111 1484 55:
1145 1440 1243 1483 «Me
1275 1441 1476 1483 retinent
1500 1442 1702 1484 vinctum

181 1519 390 1561 formosae
415 1519 564 1561 vincla
594 1518 784 1574 puellae»
816 1521 861 1561 et
885 1519 942 1560 II.
971 1520 1012 1570 4,
1043 1519 1188 1561 3—4:
1222 1521 1492 1572 «teneorque
1531 1518 1703 1561 catenis

180 1595 238 1638 Et
261 1609 495 1651 nunquam
522 1596 689 1639 misero
715 1597 864 1638 vincla
887 1596 1082 1638 remittit
1107 1609 1276 1638 amor».

241 1672 291 1714 V.
321 1673 511 1716 81—84.
552 1671 802 1730 Vena-tque
827 1673 1037 1725 merenti,
1063 1673 1112 1714 in
1138 1673 1231 1714 aede
1257 1672 1460 1723 VeneriS‚
1488 1686 1585 1726 quae
1612 1673 1703 1714 tale

183 1749 354 1793 donum
378 1755 548 1802 meret;
573 1751 782 1794 liberavit
808 1752 930 1794 enim
956 1754 1138 1806 poetam
1158 1764 1309 1792 amore
1326 1750 1523 1799 infelici;
1550 1751 1603 1792 cf.
1624 1749 1701 1792 Ov.

183 1826 303 1869 Fast.
333 1828 411 1870 ΙΠ.
442 1829 555 1870 268:
579 1828 660 1870 «Et
675 1829 825 1889 posita
843 1830 912 1870 est
927 1828 1097 1869 meritae
1124 1827 1269 1868 multa
1296 1827 1463 1868 tabella
1490 1827 1625 1868 deae».
1645 1851 1704 1854 —

185 1903 325 1959 Ficta,
350 1906 531 1960 proprie
571 1906 734 1947 dicitur
772 1906 826 1947 de
865 1905 997 1947 donis
1024 1906 1197 1954 votivis,
1227 1919 1324 1960 quae
1357 1904 1443 1946 diis
1470 1919 1702 1947 consecra-

186 1981 362 2031 bantur,
390 1986 441 2023 ut
478 1982 587 2024 Hor.
615 1982 695 2036 Ep.
724 1982 758 2024 Ι.
792 1984 828 2031 1,
856 1983 1001 2024 4—5:
1035 1981 1276 2023 «Veianius
1316 1982 1454 2023 armis
1492 1981 1705 2024 Herculis

188 2060 245 2102 ad
268 2063 446 2115 postem
472 2059 572 2102 fixis
597 2060 708 2102 latet
735 2059 913 2102 abditus
940 2072 1071 2113 agro»
1104 2062 1148 2101 et
1173 2059 1302 2113 Verg.
1326 2059 1434 2101 Aen.
1456 2059 1532 2102 HI.
1555 2060 1704 2102 286—

188 2138 302 2185 287:
335 2138 471 2179 «Aere
498 2150 606 2179 cavo
633 2137 840 2191 clipeum,
881 2136 1034 2191 magni
1073 2139 1307 2190 gestamen
1330 2135 1533 2185 Abantis,
1560 2135 1704 2178 Posti-

188 2215 272 2257 bus
314 2215 512 2258 adversis
553 2214 665 2269 figo»
712 2217 758 2256 et
794 2214 923 2268 Prop.
963 2213 1019 2255 ΙΙ.
1066 2214 1132 2262 14,
1162 2214 1365 2256 25—26:
1399 2213 1590 2269 «Magna
1622 2227 1704 2268 ego

188 2292 309 2336 dona
349 2296 426 2336 tua
467 2292 616 2347 figam,
659 2292 891 2347 Cytherea,
934 2292 1146 2334 columna
1187 2292 1379 2346 Taleque
1423 2291 1505 2334 sub
1546 2293 1705 2334 nostro

188 2371 375 2414 nomine
402 2383 584 2412 carmen
618 2369 727 2411 erit:
764 2367 861 2411 Has
887 2382 1020 2424 'pono
1059 2371 1164 2411 ante
1191 2372 1293 2411 tuas
1331 2368 1426 2418 tibi,
1456 2367 1570 2418 diva,
1598 2368 1704 2410 Pro-

189 2447 361 2502 pertius
387 2447 505 2490 aedes
531 2446 735 2496 Exuvias,
763 2448 861 2488 tota
885 2449 1016 2488 nocte
1042 2449 1249 2501 receptus
1277 2459 1477 2488 amans».
1498 2446 1704 2495 —notet,

190 2538 249 2568 sc.
283 2525 591 2580 inscriptione.
622 2548 678 2552 —
706 2535 851 2566 aurea
881 2535 1070 2579 parma,
1109 2524 1329 2578 clipeolus
1367 2536 1469 2564 cum
1506 2522 1704 2575 imagine

192 2603 311 2653 deae;
337 2603 509 2657 clipeus
549 2601 670 2643 enim
709 2600 801 2642 sive
839 2599 1035 2655 clipeum
1073 2599 1236 2642 dicitur
1274 2599 1424 2642 discus
1451 2612 1503 2641 ex
1528 2611 1627 2646 aere,
1658 2597 1705 2638 in

193 2694 283 2737 qua
307 2679 628 2736 sculpebantur
643 2677 830 2720 deorum
848 2680 926 2720 aut
940 2691 1209 2732 magnorum
1230 2679 1430 2720 virorum
1456 2677 1704 2729 imagines3

193 2758 247 2801 cf.
276 2757 407 2813 Corp.
449 2757 645 2801 Glossar.
687 2755 783 2798 Lat.
811 2755 896 2807 (ed.
937 2754 1081 2809 Goetz)
1105 2755 1155 2798 V.
1184 2770 1225 2811 p.
1259 2756 1356 2805 180,
1386 2756 1439 2797 6:
1473 2753 1702 2806 «Clipeum

264 2850 442 2886 Neaethus
461 2851 547 2880 Αιωι
568 2850 688 2879 muna·
709 2849 878 2878 camina.
1540 2834 1559 2867 7
