1942 3132
902 187 934 217 1.
959 185 996 217 3.

313 305 574 348 Messallam
601 308 720 348 terra
745 304 850 347 dum
879 304 1168 359 sequiturque
1195 306 1348 346 mari.»

188 430 200 437 μ
255 382 342 424 Sed
368 396 453 432 me,
483 383 601 438 quod
628 382 775 425 facilis
798 383 955 423 tenero
983 394 1083 423 sum
1111 395 1288 436 semper
1312 382 1478 430 Amori,

315 460 422 515 Ipsa
447 460 600 502 Venus
627 472 817 514 campos*
835 458 966 501 ducet
993 458 1041 500 in
1066 458 1255 512 Elysios.

256 537 342 580 Hic
369 538 540 580 choreae
568 540 813 592 cantusque
838 537 1004 591 vigent,
1032 537 1291 595 passimque
1319 540 1534 590 vagantes

317 614 458 657 Dulce
485 618 650 657 sonant
675 614 802 656 tenui
827 615 1007 667 gutture
1033 626 1214 656 carmen
1240 626 1370 656 aves:
1489 599 1491 601 ¹

255 690 363 733 Fert
387 691 556 734 casiam
581 703 675 734 non
701 691 823 733 culta
848 703 987 745 seges,
1016 692 1222 745 totosque
1249 703 1328 744 per
1355 704 1482 745 agros

317 769 471 811 Floret
496 769 693 812 odoratis
717 771 837 810 terra
863 768 1059 823 benigna
1084 768 1225 810 rosis:

257 848 318 888 Ac
343 848 559 890 iuvenum
584 847 721 890 series
746 847 916 889 teneris
941 846 1146 888 immixta
1171 846 1334 900 puellis

319 924 455 967 Ludit
480 927 525 967 et
549 924 735 967 adsidue
761 925 922 979 proelia
946 925 1104 966 miscet
1129 926 1277 968 Amor.

258 1001 358 1044 Illic
384 1004 465 1051 est,
491 1002 754 1057 cuicumque
781 1015 918 1056 rapax
942 1015 1064 1044 mors
1089 1003 1214 1044 venit
1241 1002 1423 1051 amanti,

319 1079 376 1121 Et
401 1079 517 1133 gerit
540 1079 709 1133 insigni
735 1081 908 1133 myrtea
933 1081 1052 1122 serta
1078 1091 1216 1121 coma.

261 1157 316 1198 At
343 1156 559 1199 scelerata
584 1157 700 1198 iacet
725 1156 855 1199 sedes
880 1157 928 1198 in
954 1159 1087 1199 nocte
1111 1156 1335 1211 profunda

321 1234 494 1286 Abdita,
523 1248 657 1290 quam
684 1236 851 1277 circum
878 1234 1068 1277 flumina
1093 1235 1222 1289 nigra
1250 1237 1440 1276 sonant:

261 1312 592 1367 Tisiphoneque
620 1313 800 1367 impexa
824 1313 943 1354 feros
968 1325 1050 1367 pro
1077 1312 1275 1354 crinibus
1303 1325 1471 1366 angues

324 1389 458 1432 Saevit
484 1392 529 1432 et
553 1390 641 1432 huc
665 1390 774 1432 illuc
798 1390 941 1444 impia
966 1390 1098 1432 turba
1123 1389 1261 1443 fugit:

264 1466 387 1509 Tunc
413 1467 542 1521 niger
564 1467 614 1510 in
638 1470 770 1523 porta
797 1471 1057 1531 serpentum
1083 1467 1301 1511 Cerberus
1328 1481 1403 1509 ore

324 1542 490 1587 Stridet
516 1548 561 1587 et
586 1547 745 1588 aeratas
772 1545 958 1588 excubat
984 1549 1089 1587 ante
1118 1546 1249 1588 fores.

262 1620 362 1662 Illic
387 1621 611 1664 Iunonem
637 1625 857 1677 temptare
882 1622 1053 1665 Ixionis
1081 1623 1178 1665 ausi

260 1685 262 1687 μ
324 1698 574 1742 Versantur
596 1700 731 1742 celeri
756 1701 890 1742 noxia
916 1701 1119 1743 membra
1144 1702 1269 1742 rota:

265 1775 586 1831 Porrectusque
612 1790 777 1819 novem
802 1778 955 1831 Tityos
980 1791 1060 1832 per
1087 1778 1240 1831 iugera
1266 1781 1393 1819 terrae

326 1852 548 1895 Adsiduas
575 1858 672 1896 atro
698 1855 867 1897 viscere
893 1857 1038 1909 pascit
1064 1869 1180 1897 aves

267 1927 483 1971 Tantalus
510 1933 577 1972 est
602 1931 695 1973 illic
722 1935 766 1973 et
791 1932 958 1974 circum
986 1938 1171 1987 stagna:
1200 1932 1276 1974 sed
1304 1946 1449 1974 acrem

328 2005 424 2047 Iam
451 2006 542 2048 iam
568 2007 718 2061 poturi
746 2007 911 2049 deserit
935 2007 1058 2049 unda
1084 2009 1232 2050 sitim:

268 2082 325 2124 Et
351 2082 495 2124 Danai
524 2084 685 2138 proles,
714 2084 901 2127 Veneris
928 2085 1045 2141 quod
1070 2086 1260 2127 numina
1286 2085 1413 2134 laesst,

330 2159 384 2201 In
412 2173 518 2202 cava
543 2161 750 2203 Lethaeas
777 2162 898 2204 dolia
923 2166 1072 2217 portat
1097 2177 1248 2218 aquas.

250 2236 368 2279 —Illic
396 2239 466 2287 sit,
495 2240 762 2295 quicumque
788 2253 914 2283 meos
938 2241 1124 2283 violavit
1149 2254 1337 2291 amoreS‚

333 2313 516 2369 Optavit
540 2315 687 2358 lentas
713 2319 757 2358 et
782 2317 895 2359 mihi
921 2318 1119 2360 militias.

271 2391 328 2433 At
353 2394 403 2433 tu
429 2395 551 2433 casta
577 2405 733 2445 precor
756 2406 954 2444 maneas,
983 2395 1213 2449 sanctique
1239 2395 1424 2449 pudoris

332 2468 546 2511 Adsideat
570 2473 720 2512 custos
749 2470 904 2513 sedula
931 2485 1108 2527 semper
1133 2486 1259 2515 anus.

274 2545 380 2588 Haec
407 2546 487 2587 tibi
517 2546 701 2588 fabellas
726 2548 888 2590 referat
913 2549 1148 2603 positaque
1173 2549 1356 2591 lucerna

333 2621 537 2665 Deducat
562 2623 697 2677 plena
723 2624 917 2668 stamina
941 2625 1077 2680 longa
1102 2627 1227 2669 colu:

275 2702 331 2745 At
356 2703 472 2744 circa
499 2700 706 2756 gravibus
731 2703 884 2755 pensis
911 2703 1053 2746 adfixa
1077 2705 1231 2759 puella

1657 171 1704 207 23

1739 631 1779 656 80

1743 1017 1781 1041 85

1747 1403 1786 1428 70

1751 2192 1790 2216 80

1753 2580 1790 2604 85
