1942 3132
775 226 834 256 u>
852 226 884 255 1.
907 224 940 264 5,
965 222 1134 255 71—76.
1644 207 1711 245 153

201 362 304 391 meo
329 360 451 390 nunc
477 345 706 401 Superbus
730 342 902 387 incedis
927 342 1074 385 malo»
1107 343 1152 384 et
1189 341 1294 383 ibid.
1324 342 1526 384 023-24:
1559 341 1712 383 «Eheu

202 424 446 469 translatos
473 424 562 466 alio
587 421 791 464 moerebis
817 433 1006 470 amores,
1022 419 1104 461 Ast
1130 431 1211 473 ego
1227 418 1428 460 vicissim
1454 418 1637 460 risero».
1653 441 1711 446 -—

212 501 435 546 Versatur
476 498 613 544 celeri
656 497 773 541 Fors
820 495 931 541 levis
978 495 1086 540 orbe
1130 498 1256 544 rotae,
1297 495 1426 536 deam
1464 494 1712 536 Fortunam

203 578 336 633 globo
363 581 441 620 aut
466 580 575 619 rotae
599 576 884 618 insistentem
917 573 1148 627 fingebant
1174 570 1375 627 antiqui3
1403 572 1456 613 of.
1476 569 1553 612 Ov.
1582 571 1711 612 Trist.

204 656 254 698 V.
283 657 323 706 8,
368 655 511 698 7—8:
558 653 672 695 «Neo
707 652 873 695 metuis
910 651 1047 694 dubio
1072 650 1284 693 Fortunae
1321 650 1484 692 stantis
1522 650 1570 690 in
1609 649 1713 691 orbe

204 733 425 782 Numam,
451 732 517 774 Ex
542 731 669 774 Pont.
701 730 757 773 H.
788 731 827 780 3,
855 731 939 772 56:
973 729 1055 771 «Te
1079 728 1177 771 fieri
1215 729 1426 770 comitem
1466 728 1628 769 stantis
1667 728 1714 768 in

206 810 311 852 orbe
337 810 473 858 deae»,
499 808 604 851 ibid.
622 807 695 851 IV.
716 809 755 857 3,
775 808 978 850 31-32:
1001 806 1132 849 «Haeo
1158 806 1242 849 dea
1267 820 1361 848 non
1387 805 1551 851 stabili,
1580 819 1714 860 quam

206 888 266 930 sit
290 887 414 936 levis,
442 886 547 928 orbe
572 886 750 934 fatetur,
779 884 923 937 Quem
949 897 1177 926 summum
1204 883 1338 925 dubio
1366 885 1448 926 sub
1469 883 1582 938 pede
1601 897 1714 924 sem-

205 979 286 1020 per
331 965 508 1007 habet».
555 962 725 1005 Eadem
771 961 996 1004 sententia
1043 961 1162 1017 apud
1207 961 1336 1016 Prop.
1385 961 1441 1003 11.
1487 962 1527 1009 8,
1572 957 1715 1002 7—8:

212 1043 402 1086 «Omnia
437 1043 682 1090 vertuntur,
721 1043 842 1082 certe
879 1042 1115 1082 vertuntur
1153 1052 1356 1081 amores:
1394 1039 1598 1080 Vinceris
1642 1041 1718 1080 aut

204 1121 360 1170 vineis,
388 1120 483 1162 haec
507 1119 556 1161 in
581 1132 733 1161 amore
758 1119 859 1160 rota
882 1120 993 1159 est».
1022 1141 1079 1145 ——
1101 1118 1279 1171 perstat
1304 1105 1518 1166 Sedulus,
1540 1115 1718 1158 assidue

208 1201 310 1241 stat.
338 1222 396 1226 —
425 1195 652 1254 prospicit
687 1208 743 1239 ac
779 1194 965 1251 resuyit,
1003 1209 1106 1237 cum
1130 1194 1252 1236 videt
1289 1195 1623 1249 praetereuntes,
1652 1206 1718 1234 re-

207 1276 335 1330 fugit,
362 1288 420 1316 ne
447 1274 502 1316 ab
540 1273 596 1316 iis
633 1275 914 1327 agnoscatur.
942 1297 1001 1301 —
1027 1275 1134 1315 ante
1171 1273 1295 1328 ipsa-s·
1330 1274 1537 1315 eoescreat
1575 1283 1720 1327 usque

199 1353 344 1410 fores,
372 1354 424 1393 ut
447 1350 609 1405 puellae
637 1363 689 1392 ex
714 1350 964 1404 composito
997 1349 1219 1404 significet
1244 1363 1291 1391 se
1318 1352 1423 1391 ante
1451 1349 1569 1390 fores
1595 1361 1693 1390 esse
1708 1363 1719 1398 ;

208 1429 266 1471 ad
302 1429 424 1471 huno
459 1441 642 1470 versum
682 1427 844 1469 alludit
881 1426 958 1469 Ov.
999 1427 1127 1469 Trist.
1162 1426 1217 1469 Π.
1246 1427 1364 1468 46οε
1403 1425 1517 1468 «Cur
1553 1425 1722 1467 totiens

208 1508 386 1550 clausas
425 1480 622 1548 exscreet
658 1519 800 1560 usque
837 1505 1000 1547 fores».
1029 1529 1086 1533 ——
1112 1506 1252 1552 utere,
1281 1517 1339 1546 se.
1368 1503 1627 1553 occasione:
1666 1503 1720 1544 ef.

209 1597 346 1639 supra
369 1584 403 1626 Ι.
433 1584 473 1632 8,
501 1584 706 1626 47—48:
739 1583 819 1624 «At
844 1584 908 1632 tn,
937 1581 1044 1624 dum
1069 1582 1205 1636 primi
1230 1580 1362 1623 floret
1386 1580 1469 1622 tibi
1506 1580 1723 1635 temporis

208 1666 329 1711 aetas,
357 1662 518 1705 Utere»
551 1663 596 1702 et
631 1660 760 1715 Prop.
799 1660 835 1702 Ι.
879 1661 946 1710 13,
987 1660 1190 1702 33-34;
1223 1659 1313 1700 «Tu
1349 1671 1469 1707 vero,
1509 1657 1725 1712 quoniam

212 1739 353 1782 semel
378 1753 424 1781 es
466 1738 693 1793 periturus
734 1751 898 1789 amore,
928 1737 1107 1779 Utere».
1135 1761 1195 1765 —
1220 1736 1272 1778 in
1312 1733 1492 1792 liquida
1519 1737 1601 1778 ‘nat
1642 1732 1726 1776 tibi

215 1816 351 1859 linter
374 1829 513 1873 aqua,
540 1815 836 1870 proverbialis
860 1814 1029 1857 locutio
1055 1814 1111 1856 de
1138 1813 1476 1867 opportunitate
1506 1813 1724 1860 fortunae3

214 1895 268 1937 ef.
296 1893 374 1937 Ov.
401 1893 467 1935 Ex
491 1893 619 1935 Pont.
646 1892 703 1934 Π.
728 1894 767 1941 02,
797 1893 880 1934 30:
913 1890 1026 1933 «Sed
1065 1903 1159 1932 non
1197 1903 1278 1944 per
1315 1889 1517 1944 placidas
1555 1889 1590 1930 it
1626 1901 1727 1931 mea

212 1971 378 2026 puppis
405 1983 567 2025 aquas»
600 1972 645 2011 et
669 1969 798 2022 Prop.
826 1969 881 2011 IL
910 1970 951 2017 4,
988 1970 1064 2010 19:
1097 1967 1382 2022 «Tranquillo
1414 1969 1512 2008 tuta
1544 1967 1726 2008 descen-

216 2049 285 2091 dis
310 2048 497 2090 flumine
523 2047 722 2101 cymba».
751 2071 810 2075 --
838 2044 1029 2102 liquida,
1070 2045 1202 2091 clara,
1242 2058 1335 2086 non
1374 2044 1565 2090 turbata,
1595 2056 1727 2097 ergo:

213 2126 403 2181 placida,
443 2124 715 2179 tranquilla:
750 2124 803 2166 cf.
844 2122 920 2165 Ov.
950 2121 1056 2165 Met.
1085 2123 1118 2164 I.
1149 2123 1400 2164 369—370.
1439 2121 1493 2163 de
1532 2121 1727 2175 Cephiso

213 2206 316 2259 post
356 2202 703 2245 exundationem
740 2201 790 2243 in
827 2201 1004 2242 alveum
1042 2200 1283 2242 redeunte:
1329 2199 1519 2241 «adeunt
1561 2199 1730 2253 pariter

204 2280 481 2336 Cephisidas
507 2278 664 2325 undas.
693 2278 755 2321 Ut
778 2277 981 2320 nondum
1018 2277 1226 2332 liquidas,
1256 2277 1320 2319 sic
1357 2277 1449 2319 iam
1474 2276 1591 2318 vada
1619 2279 1729 2319 nota

217 2361 465 2406 secantes»;
507 2357 636 2410 Prop.
675 2356 753 2398 III.
783 2357 853 2405 21,
887 2356 967 2398 14:
1001 2356 1121 2397 «Iam
1161 2353 1392 2411 liquidum
1429 2355 1581 2396 nautis
1620 2367 1730 2397 aura

216 2434 435 2478 secundat
460 2435 585 2482 iter»,
610 2447 743 2487 quem
768 2446 946 2475 versum
971 2432 1036 2474 ita
1061 2433 1265 2475 imitatur
1288 2431 1367 2475 Ov.
1386 2432 1491 2474 Her.
1517 2433 1582 2480 13,
1616 2432 1699 2474 136
1719 2448 1729 2474 :

211 2513 508 2567 ‚afflandaque
536 2509 813 2566 compositas
838 2522 946 2552 aura
971 2509 1187 2552 secundet
1213 2523 1395 2565 aquaso.
