1942 3132
861 234 919 263 1v.
943 232 978 262 5.
1001 232 1036 263 6.

910 410 982 454 IV.

254 506 338 560 Qui
368 508 479 550 mihi
507 510 564 557 te,
593 507 816 559 Cerinthe,
844 506 939 549 dies
966 505 1101 558 dedit,
1130 507 1203 548 hic
1225 507 1339 549 mihi
1363 511 1545 549 sanctus

314 585 458 639 Atque
484 586 603 627 inter
627 585 766 627 festos
792 597 969 638 semper
995 583 1229 626 habendus
1257 585 1350 627 erit,

253 663 313 704 Te
339 665 554 705 nascente
581 675 749 704 novum
774 661 921 713 Parca}
948 662 1150 712 cecinere
1177 661 1342 716 puellis

315 738 558 781 Servitium
584 741 629 781 et
654 737 881 781 dederunt·
894 749 1036 792 regna
1064 738 1257 792 superba
1281 737 1376 780 tibi.

254 816 370 859 Uror
395 830 476 871 ego
504 819 609 859 ante
635 816 772 859 alias:
799 817 926 858 iuvat
952 817 1049 865 hoc,
1078 815 1304 866 Cerinthe‚
1334 816 1454 870 quod
1481 830 1599 866 uror,

315 893 363 936 Si
388 894 471 936 tibi
499 893 552 936 de
578 894 710 936 nobis
736 896 927 944 mutuus
948 894 1066 947 ignis
1093 893 1232 936 adest.

254 970 441 1014 Mutuus
468 971 583 1014 adsit
609 984 748 1020 amor,
775 985 855 1026 per
880 974 924 1013 te
952 970 1215 1018 dulcissima
1242 972 1359 1013 furta

315 1049 485 1104 Perque
511 1052 614 1091 tuos
640 1049 795 1091 oculos
819 1063 902 1103 per
928 1048 1212 1103 Geniumque
1238 1062 1360 1102 rogo.

255 1125 421 1180 Magne
449 1125 577 1175 Gem',
606 1138 714 1181 cape
741 1128 842 1167 tura
867 1125 1014 1167 libens
1041 1126 1245 1180 votisque
1274 1127 1433 1174 faveto,

317 1202 362 1244 Si
391 1202 538 1252 modo,
567 1216 669 1245 cum
694 1202 749 1244 de
775 1217 846 1244 me
874 1203 1051 1257 cogitat,
1081 1202 1157 1244 ille
1184 1203 1312 1245 calet.

258 1279 387 1332 Quod
414 1281 452 1322 si
480 1282 593 1323 forte
621 1280 735 1322 alios
761 1280 853 1322 iam
879 1293 1002 1322 nunc
1029 1280 1226 1334 suspiret
1251 1293 1440 1329 amores,

315 1357 439 1399 Tunc
463 1370 622 1412 precor
646 1356 821 1407 infidos,
851 1359 1018 1405 sancte,
1048 1357 1252 1412 relinque
1279 1357 1415 1399 focos.

254 1434 344 1476 Nec
371 1439 420 1476 tu
447 1435 509 1477 sis
535 1435 718 1487 iniusta,
746 1435 925 1478 Venus:
951 1435 1024 1476 vel
1051 1435 1216 1476 serviat
1241 1448 1365 1489 aeque

237 1523 243 1525 ⁴
316 1511 504 1554 Vinctus
531 1515 718 1567 uterque
744 1512 839 1562 tibi,
872 1512 940 1554 vel
964 1525 1067 1554 mea
1092 1512 1242 1554 vincla
1267 1512 1378 1554 leva.

256 1587 343 1631 Sed
368 1590 521 1643 potius
547 1590 696 1633 valida
721 1593 956 1632 teneamur
981 1592 1168 1644 uterque
1196 1592 1366 1639 catena,

314 1666 449 1710 Nulla
475 1671 610 1722 queat
633 1669 823 1723 posthac
849 1682 934 1710 nos
961 1668 1151 1711 soluisse
1178 1668 1286 1710 dies.

256 1743 393 1799 Optat
418 1745 538 1788 idem
564 1746 754 1796 iuvenis,
783 1746 902 1800 quod
928 1759 1027 1796 nos,
1054 1745 1134 1787 sed
1158 1744 1320 1787 tectius
1348 1748 1499 1799 optat:

316 1821 428 1864 Nam
455 1822 596 1876 pudet
620 1824 714 1864 haec
739 1823 869 1864 illum
897 1823 1042 1864 dicere
1070 1823 1203 1865 verba
1230 1823 1395 1876 palam.

256 1898 312 1939 At
338 1901 400 1947 tu,
428 1899 614 1949 Natalis,
643 1901 858 1954 quoniam
883 1900 994 1941 deus
1021 1900 1174 1942 omnia
1202 1900 1356 1949 sentis,

318 1975 498 2017 Adnue:
528 1975 633 2030 quid
658 1977 806 2025 refert,
834 1976 1009 2018 clamne
1036 1976 1247 2029 palamne
1275 1978 1434 2029 roget?

923 2189 973 2230 V.

257 2284 431 2326 Natalis
455 2284 583 2329 Iuno,
613 2287 790 2326 sanctos
818 2297 925 2339 cape
953 2285 1065 2326 turis
1092 2297 1286 2330 acervos.

319 2361 440 2413 Quos
467 2361 549 2402 tibi
576 2360 653 2402 dat
677 2364 831 2403 tenera
857 2361 987 2403 docta
1011 2361 1163 2415 puella
1189 2375 1341 2403 manu.

258 2437 373 2480 Lota
399 2437 480 2479 tibi
509 2440 576 2479 est
604 2437 750 2487 hodie,
778 2436 858 2480 tibi
885 2451 932 2479 se
957 2438 1188 2479 laetissima
1214 2439 1419 2492 compsit,

319 2512 467 2556 Staret
493 2517 543 2556 ut
568 2516 672 2556 ante
699 2515 801 2555 tuos
826 2513 1142 2568 conspicienda
1169 2516 1301 2557 focos.

258 2592 343 2635 Illa
369 2592 550 2648 quidem
578 2591 767 2633 ornandi
794 2604 951 2634 causas
976 2592 1070 2641 tibi,
1100 2591 1213 2641 diva,
1244 2592 1437 2647 relegat:

319 2669 400 2712 Est
425 2672 590 2712 tamen.
623 2668 793 2711 occulte
819 2659 891 2711 cui
916 2669 1138 2724 placuisse
1166 2670 1284 2711 velit.

259 2747 316 2789 At
340 2750 403 2796 tn,
433 2751 598 2795 sancta,
630 2747 741 2795 fave,
768 2759 826 2788 ne
852 2747 951 2800 quis
977 2745 1161 2788 divellat
1189 2748 1406 2794 amantes,

1663 219 1710 255 47

1664 470 1732 505 IV.
1750 470 1785 506 5.

1747 1995 1786 2019 20

1667 2282 1733 2318 IV.
1753 2283 1787 2317 6.
