1942 3132
787 198 1004 229 numus
1023 197 1090 228 111.
1619 184 1693 220 323

195 298 343 371 Aegoei
369 331 471 359 eum
498 314 1006 372 exspectassevidetur,1
1037 328 1190 364 rursus
1219 329 1265 357 se
1292 312 1562 370 adiungeret.
1604 316 1690 359 Sed

194 394 321 449 gravi
345 394 499 436 morbo
526 397 755 449 correptus
779 394 828 436 in
854 389 1002 435 insula
1026 391 1218 447 Corcyra
1242 406 1471 436 remanere
1504 395 1687 449 cogitur.

198 470 359 514 Scribit
382 470 411 513 1.
438 471 470 513 L
501 471 610 525 eleg.
638 472 677 514 3.
729 462 732 466 ’
1328 458 1330 460 ’

261 539 449 591 30—27ss
484 548 683 591 Tibullus
719 547 908 590 Romam
946 546 1002 589 ad
1038 545 1214 589 Deliam
1253 545 1507 589 revertitur-’²
1543 551 1598 598 et,
1640 551 1692 590 ut

198 623 421 667 Messallae
448 638 494 668 se
519 627 759 675 excusaret,
788 624 940 666 scribit
975 624 1004 666 l.
1043 623 1076 666 L
1116 623 1224 678 eleg.
1268 625 1304 666 1.
1343 623 1505 666 Postea
1541 625 1692 666 scribit

200 701 369 756 elegias
385 705 553 744 ceteras
574 701 631 744 ad
649 701 825 745 Deliam
846 701 1122 756 pertinentes
1145 701 1229 742 hoc
1250 700 1430 743 ordine:
1458 701 1490 742 I.
1511 703 1549 744 5.
1571 703 1608 751 2,
1629 700 1692 743 6.³

263 781 332 822 25.
361 778 478 834 Sept.
508 792 545 822 a.
573 780 642 822 27.
668 778 939 833 Triumphus
962 778 1198 821 Messallae.
1228 778 1367 821 Paulo
1404 780 1506 833 post
1523 774 1694 820 'scribit

197 856 231 898 I.
263 858 302 899 7.
330 860 375 899 et
399 857 561 899 librum
585 857 780 912 primum
807 856 908 899 edit.

576 1097 652 1138 111.
680 1098 743 1138 De
771 1097 927 1149 elegiis
954 1097 1090 1139 Deliae
1118 1098 1331 1138 sacratis.-

259 1241 526 1296 'remporum
560 1240 773 1293 ordinem,
813 1256 900 1297 quo
938 1242 1089 1297 elegiae
1127 1242 1265 1285 Deliae
1303 1245 1483 1285 sacratae
1521 1242 1694 1297 scriptae

199 1322 316 1368 sunt,
346 1321 546 1361 accurate
571 1318 754 1361 definire
779 1333 1019 1374 possumus
1045 1332 1096 1361 ex
1122 1319 1243 1370 locis,
1270 1320 1346 1362 ubi
1363 1302 1505 1374 ‘poeta
1535 1319 1696 1362 alludit

203 1394 260 1437 ad
280 1395 444 1450 elegias
466 1399 569 1439 ante
592 1390 790 1451 scriptas.
809 1386 1133 1451 Antiquissima
1155 1399 1222 1439 est
1238 1396 1387 1448 tertia,
1405 1387 1482 1458 ubi
1495 1397 1696 1458 Tibullus

204 1475 367 1522 narrat,
396 1473 502 1528 quid
527 1474 680 1516 fecerit
703 1460 832 1516 Delia
858 1459 1001 1524 anxia,
1029 1487 1132 1516 cum
1156 1474 1251 1529 ipse
1279 1457 1537 1532 adbellum
1564 1473 1694 1529 profi-

198 1549 437 1592 cisceretur
460 1550 509 1603 (I.
538 1552 578 1601 3,
610 1552 836 1602 13-14-.);

362 1650 519 1690 Cuncta
547 1649 701 1690 dabant
726 1649 902 1689 reditus:
930 1652 1073 1690 tamen
1102 1653 1163 1689 est
1192 1650 1388 1690 deterrita
1416 1664 1641 1702 nunquam,

415 1721 524 1769 Quin
551 1721 665 1771 fleret
691 1726 855 1760 nostras
885 1720 1181 1772 despueretque
1209 1723 1306 1761 vias.

264 1857 396 1900 Hunc
422 1859 570 1900 locum
594 1858 774 1912 respicit
798 1858 846 1900 in
872 1858 1015 1912 elegia
1033 1857 1193 1915 prima
1217 1859 1266 1910 (Ι.
1297 1861 1333 1910 1,
1362 1861 1591 1911 51—52.):

365 1969 399 2008 Ο
429 1971 628 2020 quantum
656 1971 718 2008 est
745 1970 834 2008 auri
862 1972 1004 2020 pereat
1031 1970 1248 2021 potiusque
1278 1970 1497 2020 smaragdi,

417 2041 550 2089 Quam
576 2042 675 2091 [leat
703 2041 754 2080 ob
782 2047 944 2081 nostras
972 2041 1055 2080 ulla
1082 2041 1218 2092 puella
1245 2043 1343 2081 vias.

203 2165 398 2208 Primam
415 2167 615 2221 sequitur
630 2167 806 2223 quinta,
823 2167 898 2208 ubi
919 2166 1120 2209 Tibullus
1141 2168 1341 2222 queritur
1362 2167 1415 2210 de
1439 2167 1698 2210 infidelitate

203 2242 342 2285 Deliae
368 2243 415 2296 (I.
444 2246 484 2293 5,
516 2245 743 2295 19—30.):

367 2356 422 2394 At
449 2357 557 2395 mihi-
584 2356 745 2396 felicem
772 2358 912 2404 vitam,
943 2358 978 2396 si
1007 2357 1119 2397 salva
1146 2357 1305 2403 fuisses,

419 2426 643 2476 Fingebam
671 2427 853 2475 demens,
882 2427 953 2467 sed
979 2430 1179 2468 renuente
1209 2428 1297 2468 deo.

268 2596 282 2617 ²
308 2596 363 2632 cf.
391 2608 510 2643 supra
534 2597 623 2634 adn.
648 2609 753 2645 exeg.
778 2599 827 2635 ad
851 2599 884 2636 1.
909 2599 943 2643 3,
973 2600 1001 2636 1.

267 2655 283 2677 ¹
309 2656 365 2692 cf.
390 2656 493 2692 infla
517 2658 675 2694 Excurs.
699 2658 766 2694 IV.

267 2715 284 2738 ⁸
312 2715 503 2768 Cfffinfra
525 2717 684 2753 Excurs.
708 2717 782 2756 III·

1489 2789 1556 2822 21*
