1942 3132
277 223 321 255 96
852 235 908 263 AD
930 235 961 263 1.
985 233 1140 273 9,,65-
1153 233 1211 263 70.

278 354 345 402 21,
376 353 564 394 21—24.
595 351 651 392 ad
669 352 933 405 amphoram
950 368 960 394 ε
993 352 1074 393 «Τ6
1093 352 1226 393 Liber
1244 354 1288 392 et
1305 351 1341 392 si
1356 352 1459 392 laeta
1476 351 1619 393 aderit
1635 352 1788 396 Venus

277 428 531 483 Segnesque
570 428 741 470 nodum
780 429 952 470 solvere
993 428 1157 470 Gra-tiae
1190 428 1398 482 Vivaeque
1437 429 1684 482 producent
1721 430 1788 472 lu-

277 520 431 555 cernae,
460 505 581 546 Dum
607 504 784 546 rediens
811 505 938 558 fugat
976 508 1097 546 astra
1123 504 1358 546 Phoebus».
1389 503 1543 546 Simile
1571 508 1638 547 eet
1671 506 1789 559 apud

276 583 502 626 Tibullum
539 583 689 635 ipsum
725 581 781 623 H.
825 583 862 631 3,
891 583 975 624 47:
1009 582 1090 622 «At
1127 582 1240 622 mihi
1279 582 1382 622 laeta
1406 581 1590 622 trahant
1629 581 1788 624 Samiae

277 661 490 704 conviviae
529 661 698 709 testae»;
738 660 790 700 cf.
833 659 969 700 etiam
1010 659 1109 700 adn.
1147 672 1283 712 supra
1310 658 1366 699 ad
1391 658 1423 700 Ι.
1453 660 1494 708 4,
1523 660 1562 700 5.
1590 683 1650 687 ff
1675 672 1787 709 con-

275 738 398 781 vivia
437 735 613 786 ducere,
654 738 703 777 ut
727 736 836 778 Hor.
865 736 914 777 A.
944 736 988 776 P.
1021 736 1133 778 376:
1168 738 1367 789 «poterat
1405 735 1507 777 duci
1546 737 1652 790 quia
1677 749 1790 778 cena.

277 816 373 857 sine
399 814 541 855 istis».
570 837 629 840 —
653 810 852 865 Baccho,
878 812 1123 866 potatione.
1145 837 1202 839 —
1219 814 1322 854 rota
1348 810 1555 868 Luciferi
1574 813 1789 867 provocet

278 893 380 935 orta
406 890 538 939 diem,
567 890 715 931 locum
741 889 946 930 imitatur
972 886 1047 929 Ov.
1077 888 1196 930 Fast.
1222 889 1254 930 Ι.
1275 890 1375 930 456.
1397 889 1450 930 (16
1468 889 1611 942 gallo:
1636 888 1791 941 «Quod

276 967 478 1022 tepidum
504 965 629 1019 vigili
654 967 865 1019 provocet
891 978 967 1005 ore
995 964 1137 1006 diem»
1162 967 1205 1006 et
1230 964 1294 1005 Ex
1319 965 1445 1006 Pont.
1471 965 1503 1006 I.
1524 966 1564 1015 4,
1586 967 1789 1008 57—58:
1856 998 1861 1000 -

283 1044 562 1086 «Memnonis
602 1043 717 1084 hanc
756 1042 932 1083 utinam
958 1074 967 1082 .
997 1074 1006 1082 .
1036 1074 1045 1082 .
1075 1044 1221 1083 mater
1258 1042 1401 1094 Quam
1439 1044 1635 1096 primum
1661 1056 1790 1085 roseo

277 1121 487 1175 provocet
513 1132 587 1160 ore
626 1119 786 1159 diem».
815 1142 874 1145 —
900 1120 1004 1160 rota
1029 1115 1247 1173 Luciferi,
1289 1118 1427 1160 stellae
1465 1119 1713 1169 matutinae,
1742 1122 1792 1161 ut

279 1196 371 1238 Soli
400 1199 443 1237 et
468 1195 619 1243 Lunae,
650 1207 829 1234 currum
857 1197 901 1234 et
928 1206 1065 1247 equos
1092 1194 1299 1235 tribuunt
1323 1197 1492 1248 poetae;
1520 1195 1571 1236 cf.
1593 1194 1670 1237 Ov.
1689 1195 1787 1236 Am.

221 1283 224 1286 ’
277 1274 310 1315 Ι.
342 1274 381 1321 6,
410 1274 493 1314 65;
527 1272 733 1325 «Iamque
759 1271 1002 1324 pruinosos
1040 1271 1226 1312 molitur
1250 1271 1429 1313 Lucifer
1455 1285 1581 1313 axes»
1615 1274 1659 1313 et
1684 1272 1787 1313 ibid.

277 1351 332 1393 ΙΙ.
382 1351 447 1400 11,
488 1351 570 1391 56:
611 1349 814 1390 «Lucifer
862 1348 1056 1390 admisso
1105 1351 1310 1401 tempora
1355 1350 1501 1402 portet
1547 1362 1703 1403 equo».
1733 1374 1790 1377 —-

279 1440 470 1483 operum
496 1459 504 1468 .
535 1459 545 1468 .
576 1460 584 1467 .
613 1426 772 1468 varias
799 1427 930 1477 vices,
958 1425 1155 1466 diversas
1194 1424 1357 1478 figuras
1386 1426 1476 1467 sive
1502 1425 1660 1467 modos
1687 1439 1789 1468 con-

279 1503 480 1552 cubitus;
521 1514 634 1557 opus
676 1501 728 1542 de
770 1501 1022 1551 concubitu,
1051 1503 1102 1542 ut
1128 1500 1203 1542 Ov.
1231 1501 1327 1542 Am.
1356 1501 1411 1542 Π.
1445 1502 1510 1550 10,
1541 1503 1623 1543 36:
1656 1500 1792 1543 «Cum

280 1579 458 1628 moriar,
487 1575 871 1631 mediumlsolvar
910 1580 953 1618 et
990 1577 1107 1618 inter
1147 1591 1283 1631 opus»
1317 1579 1360 1618 et
1390 1578 1535 1632 Priap.
1563 1579 1604 1627 4,
1632 1579 1687 1620 4:
1721 1576 1793 1619 «Si

280 1657 422 1709 pictas
465 1669 578 1708 opus
620 1654 722 1696 edat
762 1655 818 1696 ad
855 1654 1066 1707 figuras»;
1106 1654 1226 1696 idem
1254 1654 1475 1708 significat
1513 1654 1642 1697 dulce
1675 1667 1789 1710 opus

282 1732 357 1775 Ov.
385 1732 480 1773 Am.
511 1732 542 1772 Ι.
572 1732 612 1780 4,
640 1732 710 1772 48.
742 1733 786 1771 et
810 1731 858 1772 A.
886 1731 935 1772 A.
964 1730 1019 1772 ΙΙ.
1049 1732 1149 1772 480.
1179 1755 1237 1758 ——
1262 1729 1558 1785 disposuisse,
1585 1731 1611 1771 i.
1638 1744 1673 1771 e.
1704 1743 1791 1784 quo

282 1808 438 1850 ordine
478 1807 663 1849 diversae
702 1806 854 1861 figurae
894 1821 940 1849 se
981 1807 1180 1860 excipere
1220 1806 1435 1857 debeant3
1476 1806 1528 1847 de
1563 1806 1717 1848 eadem
1744 1820 1792 1847 re

282 1886 357 1928 Ov.
385 1886 481 1927 Am.
506 1886 583 1927 ΙΠ.
607 1887 646 1934 7,
668 1886 750 1927 64:
775 1885 921 1937 «Quos
941 1898 1020 1937 ego
1037 1897 1130 1925 non
1152 1883 1256 1925 finxi
1276 1884 1564 1938 disposuique
1590 1883 1790 1925 modos».

340 1964 389 2005 V.
421 1964 609 2005 65—70.
655 1966 751 2017 tua,
793 1976 850 2004 66.
879 1975 1015 2012 11Χο1·;
1056 1962 1108 2002 cf.
1151 1962 1250 2002 adn.
1292 1974 1426 2014 supra
1465 1961 1519 2002 ad
1555 1961 1588 2002 Ι.
1627 1961 1668 2010 4,
1709 1961 1790 2002 75:

288 2054 444 2082 «suae».
473 2065 533 2068 -
560 2053 653 2083 non
692 2041 831 2083 solita
870 2052 1036 2094 corpus
1077 2039 1134 2082 ab
1174 2041 1273 2082 arte
1310 2041 1470 2092 movet,
1510 2052 1566 2080 sc.
1607 2039 1655 2080 in
1687 2051 1791 2080 con-

283 2116 446 2157 cubitu.
474 2141 534 2144 -—*
561 2116 619 2159 ab
667 2117 776 2166 arte,
820 2129 900 2170 pro
949 2116 1144 2169 simplici
1191 2115 1387 2157 ablativo
1432 2116 1627 2170 primum
1675 2112 1795 2168 apud

283 2191 508 2232 Tibullum
536 2192 728 2233 occurrit
753 2192 837 2233 hoc
863 2192 962 2233 loco
990 2194 1033 2233 et
1058 2192 1090 2232 Ι.
1121 2193 1160 2241 5,
1188 2193 1217 2233 4
1233 2206 1243 2241 ;
1270 2191 1325 2232 Π.
1359 2193 1396 2242 1,
1423 2192 1480 2233 56
1495 2205 1505 2240 ;
1533 2204 1636 2232 611111
1653 2191 1794 2232 secuti

285 2271 390 2309 sunt
414 2269 540 2323 Prop.
571 2269 649 2310 III.
680 2271 748 2318 25,
779 2271 819 2311 5.
850 2273 893 2310 et
919 2268 995 2311 Ov.
1023 2269 1119 2310 Am.
1149 2269 1204 2310 ΙΙ.
1238 2269 1303 2319 12,
1323 2270 1362 2310 4.
1393 2271 1436 2310 et
1466 2269 1530 2318 15,
1565 2270 1642 2319 143
1670 2268 1789 2309 Fast.

284 2343 339 2384 Π.
371 2345 481 2393 764;
522 2345 648 2386 Trist.
690 2346 745 2387 IL
775 2346 863 2387 462
892 2348 935 2387 et
965 2345 1038 2388 IV.
1073 2347 1137 2395 10,
1172 2346 1237 2387 16.
1265 2370 1323 2373 ——
1349 2343 1590 2400 disponere
1631 2332 1794 2397 crines,

285 2420 337 2460 cf.
368 2420 468 2461 adn.
499 2434 634 2474 supra
660 2422 716 2462 ad
741 2422 775 2463 Ι.
806 2423 845 2470 8,
879 2423 944 2464 10.
973 2447 1032 2450 -
1059 2421 1198 2464 denso
1231 2424 1408 2477 pectere
1447 2420 1591 2475 dente,
1614 2420 1792 2474 pectine

286 2496 482 2546 dentato,
525 2497 573 2537 in
616 2512 701 2551 quo
745 2499 874 2540 densi
917 2499 1072 2540 dentes
1115 2501 1231 2541 sunt.
1259 2524 1318 2527 -—
1344 2497 1498 2541 Isiane
1523 2531 1533 2540 .
1562 2531 1571 2540 .
1599 2529 1609 2539 .
1638 2497 1794 2553 facies,

289 2572 447 2614 alludit
486 2574 542 2614 ad
580 2576 906 2628 turpitudinem
947 2577 1081 2628 senis,
1120 2581 1171 2618 ut
1207 2577 1326 2618 infra
1361 2589 1447 2617 ves.
1478 2575 1664 2616 73—74.
1693 2573 1791 2615 Hoc

287 2651 385 2692 loco
410 2651 561 2692 istane
589 2653 655 2691 est
681 2653 936 2694 coniectura
961 2654 1203 2706 Postgatii3
1243 2654 1295 2694 cf.
1323 2653 1441 2694 infra
1478 2651 1578 2692 adn.
1614 2651 1707 2691 crit.
1738 2650 1794 2692 ad

289 2728 330 2769 h.
359 2727 387 2768 1.
415 2751 474 2755 ——-
501 2739 706 2782 auroque
748 2729 940 2772 lacertos
975 2729 1172 2783 Vinciat,
1212 2729 1356 2772 aureis
1395 2727 1594 2776 armillis,
1636 2730 1686 2768 ut
1712 2726 1790 2771 Ov.
