1942 3132
243 239 289 272 60

188 389 226 413 85

187 776 227 799 90

186 1160 225 1183 95

169 1544 226 1568 100

169 1927 224 1950 105

170 2309 226 2333 110

171 2691 227 2715 115

945 253 993 281 11.
1017 251 1051 281 5.

305 367 480 409 Oblitus
505 370 548 409 et
572 369 719 410 musto
747 369 875 410 feriet
898 368 1010 422 pede
1037 369 1229 410 rusticus
1256 381 1377 416 uvas,

362 444 494 486 Dolia
519 444 625 486 dum
650 445 802 498 magni
828 444 1120 498 deficiantque
1147 445 1294 486 lacus:

303 525 364 566 Ac
389 521 596 563 madidus
620 522 795 563 Baccho
824 535 903 563 sua
926 523 1038 563 festa
1066 522 1224 564 Palilia
1250 526 1404 576 pastor

364 597 604 640 Concinet:
634 611 659 639 a
686 598 874 639 stabulis
899 599 1007 639 tunc
1032 599 1189 651 procul
1215 601 1320 647 este,
1348 599 1455 652 lupi.

303 675 384 716 Ille
411 675 523 716 levis
551 673 725 727 stipulae'
753 674 984 715 sollemnis
1010 677 1142 727 potus
1170 688 1349 716 acervos

363 751 595 801 Accendet‚
624 749 829 792 flammas
854 751 1165 803 transilietque
1194 764 1353 792 sacras.

302 829 357 870 Et
387 830 503 870 fetus
530 830 735 870 matrona
761 827 896 878 dabit,
924 830 1146 881 natusque
1172 829 1348 881 parenti

363 906 525 948 Oscula
551 907 827 960 comprensis
855 906 1034 947 auribus
1063 907 1233 960 eripiet,

301 983 389 1025 Nec
415 983 595 1024 taedebit
621 996 752 1024 avum
777 996 913 1035 parvo
942 982 1182 1036 advigilare
1209 983 1362 1036 nepoti

360 1060 587 1114 Balbaque
615 1073 715 1101 cum
739 1072 878 1112 puero
908 1058 1051 1100 dicere
1077 1059 1212 1100 verba
1238 1073 1405 1100 senem.

301 1138 422 1179 Tunc
450 1141 632 1197 operata
658 1137 740 1178 deo
766 1136 907 1190 pubes
934 1131 1182 1178 discumbet
1208 1137 1255 1177 in
1283 1137 1432 1185 herba,

362 1214 542 1255 Arboris
571 1214 763 1267 antiquae
792 1226 877 1266 qua
903 1213 1014 1254 levis
1040 1213 1198 1254 umbra
1224 1213 1353 1263 cadit,

301 1291 390 1331 Aut
413 1304 435 1331 e
461 1292 582 1332 veste
612 1303 691 1331 sua
716 1290 904 1330 tendent
929 1289 1190 1331 umbracula
1218 1291 1347 1331 sertis

361 1368 531 1416 Vincta,
561 1369 799 1408 coronatus
827 1367 962 1408 stabit
989 1369 1032 1407 et
1058 1368 1152 1419 ipse
1179 1367 1304 1416 calix,

301 1444 357 1484 At
385 1444 467 1484 sibi
496 1443 680 1497 quisque
707 1443 844 1495 dapes
872 1445 915 1483 et
942 1443 1078 1484 festas
1105 1445 1301 1484 exstruet
1326 1443 1415 1484 alte

361 1520 623 1574 Gaespitibus
649 1532 828 1560 mensas
855 1519 1196 1572 caespitibusque
1222 1521 1384 1561 torum.

300 1597 479 1649 Ingeret
503 1596 576 1637 hic
601 1598 734 1650 potus
761 1595 937 1636 iuvenis
963 1595 1201 1637 maledicta
1225 1595 1399 1648 puellae,

361 1672 598 1714 Postmodo
627 1686 722 1726 quse
752 1672 864 1713 votis
891 1672 1017 1713 irrita
1043 1673 1158 1713 facta
1183 1673 1315 1713 velit:

300 1750 414 1791 Nam
443 1751 559 1790 ferus
586 1750 662 1790 ille
690 1763 779 1790 suae
807 1749 1002 1802 plorabit
1027 1749 1202 1790 sobrius
1228 1749 1347 1790 idem

360 1827 416 1867 Et
443 1840 488 1868 se
514 1826 677 1867 iurabit
701 1828 852 1866 mente
879 1825 1016 1866 fuisse
1043 1825 1174 1866 mala.

304 1904 416 1945 Pace
442 1907 520 1946 tua
543 1907 730 1958 pereant
757 1917 884 1944 arcus
910 1906 1185 1957 pereantque
1214 1904 1398 1957 sagittae,

363 1981 538 2029 Phoebe,
568 1980 700 2021 modo
727 1980 776 2020 in
801 1981 932 2021 terris
961 1983 1076 2021 erret
1102 1981 1287 2022 inermis
1312 1980 1460 2021 Amor.

301 2058 383 2100 Ars
410 2058 553 2099 bona:
584 2058 660 2099 sed
686 2059 924 2111 postquam
953 2058 1143 2111 sumpsit
1171 2057 1256 2099 sibi
1280 2057 1372 2098 tela
1397 2056 1580 2110 Cupido,
1632 2078 1633 2081 ¹

361 2135 462 2175 Heu
489 2136 578 2176 heu
604 2149 739 2189 quam
765 2135 919 2176 multis
947 2149 1017 2176 ars
1044 2134 1165 2176 dedit
1189 2135 1277 2176 ista
1301 2134 1499 2175 malum!

302 2212 358 2252 Et
383 2213 496 2253 mihi
523 2212 757 2265 praecipue.
786 2213 916 2254 Iaceo
943 2226 1044 2253 cum
1072 2213 1250 2254 saucius
1276 2225 1446 2253 annum

362 2288 418 2328 Et
447 2289 571 2329 faveo
598 2289 767 2338 morbo,
797 2302 898 2328 cum
925 2289 1048 2330 iuvat
1073 2289 1170 2341 ipse
1197 2288 1335 2338 dolor,

303 2364 454 2417 Usque
481 2377 591 2405 cano
619 2365 857 2414 Nemesim,
888 2365 984 2406 sine
1012 2379 1099 2419 qua
1124 2378 1279 2407 versus
1304 2365 1418 2406 mihi
1443 2364 1594 2405 nullus

362 2441 506 2482 Verba
530 2444 678 2494 potest
703 2442 844 2483 iustos
873 2446 947 2483 aut
975 2443 1167 2495 reperire
1194 2443 1341 2496 pedes.

301 2517 356 2558 At
382 2519 444 2566 tu,
473 2531 578 2559 nam
604 2518 755 2558 divum
785 2521 929 2559 servat
954 2519 1094 2560 tutela
1120 2522 1288 2573 poetas,

362 2594 633 2642 Praemoneo,
661 2595 751 2635 vati
778 2608 920 2647 parce,
950 2596 1114 2648 puella,
1144 2609 1281 2645 sacro,

303 2670 362 2712 Ut
386 2669 681 2712 Messalinum
707 2671 937 2719 celebrem,
967 2686 1068 2712 cum
1094 2673 1277 2726 praemia
1302 2672 1406 2713 belli

363 2746 475 2787 Ante
504 2759 608 2788 suos
634 2760 788 2787 currus
815 2747 979 2801 oppida
1006 2749 1120 2789 victa
1147 2751 1271 2800 feret,
