1942 3132
309 193 379 228 ⁶250
867 209 923 237 AD
945 210 992 238 H.
1017 208 1049 247 4,
1076 207 1241 237 55—60.

309 324 437 377 Verg.
466 323 543 366 Ge.
570 324 649 366 ΠΙ.
690 326 947 367 9282—283:
981 325 1324 379 «Hippomanes,
1364 325 1480 379 quod
1518 339 1632 380 saepe
1671 327 1797 368 malae

309 401 455 454 legere
477 414 674 442 novercae
700 400 1058 455 Miscuerantque
1081 401 1239 442 herbas
1258 404 1301 442 et
1317 414 1408 442 non
1425 401 1607 443 innoxia
1623 388 1797 452 verba»';

310 479 439 534 Prop.
465 479 537 521 IV.
578 481 617 529 5,
651 480 835 521 17—-18,
875 478 926 519 de
966 491 1095 532 saga:
1129 478 1198 518 «in
1236 491 1306 519 me
1343 477 1662 531 Hippomanes,
1701 478 1798 520 fetae

312 556 484 597 semina
523 555 632 609 legit
672 568 837 609 equae»;
880 553 956 596 Ov.
983 555 1079 595 Am.
1106 554 1139 594 I.
1169 555 1207 603 8,
1237 555 1289 595 8:
1323 553 1452 607 «quid
1491 554 1638 596 valeat
1677 554 1798 596 virus

313 632 504 673 amantis
538 644 681 685 equae»
715 633 758 672 et
782 631 939 672 Medic.
972 632 1050 672 38:
1085 630 1196 671 «Nec
1234 630 1448 682 temptate
1487 641 1653 674 nocens
1678 628 1798 670 virus

313 709 504 750 amantis
547 722 711 762 equae».
739 734 796 737 —
822 707 1013 763 cupidae,
1055 708 1107 748 cf.
1153 706 1253 748 adn.
1297 718 1428 758 supra
1466 704 1521 745 ad
1557 704 1591 746 Ι.
1635 706 1673 754 8,
1717 706 1798 746 56;

319 784 558 838 «cupidis».
584 809 642 812 ——
667 797 737 827 me
766 783 953 840 placido
992 781 1142 825 videat
1178 780 1385 825 Nemesis
1423 795 1525 824 mea
1564 782 1705 834 vultu,
1747 783 1798 824 cf.

312 861 420 903 Hor.
465 860 606 902 Carm.
649 860 721 902 IV.
765 862 803 911 3,
851 862 986 903 1—-2:
1022 859 1187 911 «Quem
1225 862 1286 909 tu,
1329 859 1623 913 Melpomene,
1666 861 1803 902 semel

313 938 577 979 Nascentem
602 937 776 991 placido
802 938 972 979 lumine
998 937 1202 979 videris».
1230 962 1288 965 —„
1314 935 1439 979 Mille
1477 936 1595 979 alias
1637 935 1800 979 herbas

313 1013 502 1056 misceat
542 1013 642 1068 illa,
685 1013 854 1068 bibam,
895 1016 944 1054 ut
984 1014 1111 1067 Prop.
1150 1013 1205 1054 II.
1247 1014 1315 1064 24,
1345 1013 1414 1054 27.
1457 1012 1509 1053 de
1552 1012 1802 1054 constantia

315 1091 523 1133 amatoris
562 1091 815 1145 probanda:
863 1091 1027 1131 «Taetra
1072 1103 1243 1132 venena
1287 1090 1431 1131 libens
1474 1091 1517 1130 et
1562 1090 1802 1142 naufragus

316 1169 464 1210 ebibat
490 1168 676 1209 undas».

1032 1409 1088 1450 Π.

883 1556 971 1594 Lib.
991 1555 1045 1594 11.
1066 1555 1177 1604 eleg.
1197 1556 1235 1594 6.

372 1705 740 1749 Introductio.
788 1705 967 1746 Amicus
1009 1705 1184 1755 Tibulli,
1225 1703 1372 1745 Macer
1414 1702 1607 1757 quidam,
1649 1701 1802 1744 relicto

316 1798 464 1825 amore
508 1785 651 1824 castra
693 1782 905 1836 sequitur.
952 1781 1089 1823 Poeta
1131 1784 1173 1822 et
1212 1781 1306 1834 ipse
1348 1780 1437 1822 iam
1478 1779 1530 1820 de
1572 1778 1805 1832 stipendiis

314 1860 527 1902 faciendis
553 1860 727 1914 cogitat,
755 1861 806 1900 ut
843 1858 1023 1912 effugiat
1062 1858 1280 1899 cruciatus
1308 1856 1469 1898 amoris
1496 1855 1698 1906 infelicis,
1728 1855 1803 1897 sed

314 1939 500 1978 frustra:
527 1935 705 1978 vincula
732 1935 852 1976 enim
877 1934 1036 1988 puellae
1063 1946 1267 1986 rumpere
1294 1933 1447 1986 nequit
1472 1932 1662 1984 (1—14).
1690 1931 1802 1989 Que-

315 2015 426 2055 ritur
451 2013 504 2054 de
531 2012 792 2053 crudelitate
819 2010 1051 2065 Cupidinis
1089 2010 1280 2064 dicitque
1319 2010 1415 2051 sola
1452 2008 1549 2063 Spe,
1578 2009 1803 2051 communi

314 2090 550 2132 hominum
591 2089 895 2138 consolatrice,
924 2089 1011 2129 huc
1048 2101 1186 2141 usque
1226 2101 1270 2129 se
1309 2089 1530 2128 retentum
1570 2100 1677 2134 esse,
1718 2099 1803 2140 quo

313 2169 462 2209 minus
489 2168 626 2209 vitam
651 2167 740 2208 leto
766 2165 914 2207 finiret
941 2166 1159 2217 (15——28).
1181 2163 1286 2206 Orat
1311 2164 1519 2206 Nemesin
1545 2177 1623 2217 per
1648 2177 1803 2205 manes

317 2243 480 2285 sororis
507 2243 746 2283 immatura
782 2245 924 2283 morte
952 2241 1155 2295 abreptae,
1183 2244 1232 2282 ut
1260 2241 1316 2282 sit
1346 2241 1560 2294 placidior
1585 2242 1803 2293 (29—40).

313 2321 514 2362 Puellam
548 2320 692 2372 ipsam
731 2319 891 2359 bonam
919 2318 1036 2363 dicit.
1067 2318 1144 2360 sed
1181 2319 1406 2359 invehitur
1430 2318 1474 2359 in
1502 2318 1652 2359 lenam
1677 2318 1802 2359 mali-

314 2397 491 2445 tiosam,
519 2409 613 2448 quse
641 2408 739 2436 eam
766 2395 1009 2448 corruperit
1027 2395 1244 2446 (41—52).
1263 2394 1316 2435 In
1341 2393 1429 2435 fine
1455 2394 1566 2434 lenae
1593 2393 1658 2434 illi
1685 2393 1802 2434 diras

314 2473 582 2525 imprecatur
607 2472 826 2523 <we—54).
1422 2515 1425 2518 ,

372 2547 521 2589 Macer
544 2547 620 2587 ille
646 2560 707 2588 vs.
744 2548 777 2587 l.
805 2550 1176 2589 commemoratus
1202 2548 1299 2600 quis
1338 2547 1480 2596 fuerit,
1521 2531 1775 2599 ignoramus
1791 2560 1801 2595 ;

317 2627 409 2666 erat
440 2626 569 2673 certe,
596 2626 645 2663 ut
670 2636 755 2664 vss.
788 2624 913 2666 1—16.
953 2624 1175 2674 docemur,
1214 2623 1387 2664 iuvenis
1425 2621 1578 2670 amori,
1617 2621 1801 2661 fortasse

316 2704 450 2745 etiam
485 2703 611 2757 poesi
648 2701 871 2743 amatoriae
911 2700 1096 2742 deditus.
1137 2700 1235 2741 Non
1274 2702 1340 2741 est
1377 2699 1508 2747 enim,
1536 2699 1586 2738 ut
1623 2696 1802 2750 quidam
