1942 3132
0 986 7 1278 ——w—v———v—
0 956 4 975 -
0 911 5 948 Vf-

749 245 806 275 An
826 246 875 276 11.
898 244 931 283 5,
956 244 1132 275 91—94..
1615 231 1681 266 291

190 378 275 421 que
311 377 463 406 meum
501 363 690 406 lustrare
708 363 980 418 quotannis»
1013 365 1056 405 et
1082 361 1159 405 Ov.
1186 362 1305 405 Fast.
1333 363 1405 405 IV.
1435 364 1683 407 749m755.

190 443 357 496 (preces
396 441 589 495 pastoris
631 439 687 483 ad
725 439 916 492 Palem)·:
950 438 1075 483 «Sive
1113 453 1237 482 sacro
1275 441 1377 494 pavi
1416 440 1564 483 sedive
1603 441 1683 484 sub

191 519 348 561 arbore
368 553 371 557 ⁴
388 532 526 569 sacra,
566 518 816 573 Pabulaque
857 531 879 559 e
917 517 1059 560 bustis
1100 517 1242 559 inscia
1282 518 1448 572 carpsit
1489 519 1595 562 ovis.
1637 516 1684 559 Si

187 599 348 638 nemus
373 596 536 637 intravi
553 596 741 638 vetitum
756 595 976 637 nostrisve
1003 595 1163 649 fugatae
1181 593 1295 636 Sunt
1311 594 1450 636 oculis
1476 595 1682 649 nymphae

188 673 521 727 semicaperque
547 672 668 722 deus,
698 670 745 714 Si
770 685 872 714 mea
892 673 981 714 falx
997 685 1120 714 ramo
1137 671 1288 714 lucum
1305 672 1514 726 spoliavit
1531 685 1680 726 opaco,

188 748 315 792 Unde
342 749 446 791 data
467 740 538 791 'est
563 762 688 803 aegrae
713 748 868 791 fiscina
894 749 1064 791 frondis
1090 749 1185 791 ovi:
1212 749 1282 790 Da
1296 750 1473 791 veniam
1499 750 1682 804 culpae».

187 826 427 869 Lustrandi
465 827 647 870 modum
673 826 834 870 docent
860 827 1004 871 Schol.
1033 827 1087 870 ad
1113 828 1230 870 Pers.
1261 826 1349 870 Sat.
1377 828 1410 869 I.
1438 828 1508 869 72.
1537 827 1683 871 verbis

186 903 423 946 Varronis:
457 904 637 947 «Palilia
674 907 766 946 tam
802 905 975 959 privata
1012 919 1144 960 quam
1182 905 1362 960 publica
1399 909 1505 947 sunt
1535 909 1580 948 et
1599 909 1684 949 ⁴est

187 995 329 1036 genus
367 982 604 1025 hilaritatis
644 986 688 1026 et
724 984 850 1026 lusus
876 983 992 1038 apud
1030 984 1232 1035 rusticos,
1258 986 1308 1025 ut
1334 985 1555 1038 congestis
1582 997 1684 1027 cum

188 1060 302 1101 faeno
329 1059 507 1114 stipulis
532 1061 681 1115 ignem
707 1075 920 1116 magnum
946 1062 1216 1112 transiliant,
1244 1060 1362 1116 quod
1386 1061 1480 1104 Pali
1515 1063 1684 1104 faciunt

186 1149 286 1178 eam
313 1149 360 1178 se
386 1137 561 1190 expiare
599 1137 872 1180 credentes».
901 1164 952 1168 -
983 1139 1235 1194 sollemnis,
1261 1153 1347 1182 acc.
1374 1139 1517 1195 plur.;
1549 1141 1682 1195 iunge

186 1226 287 1255 cum
313 1225 509 1257 acervos.

245 1290 294 1333 V.
322 1292 510 1334 91—94.
540 1290 597 1334 Et
621 1291 740 1348 fctus
769 1295 862 1342 etc„
890 1306 975 1335 vss.
1005 1292 1223 1336 91-—100.
1241 1296 1374 1348 poeta
1399 1297 1503 1336 ante
1530 1294 1683 1337 oculos

182 1367 395 1410 habuisse
421 1367 594 1410 videtur
619 1368 746 1423 Verg.
774 1368 852 1412 Ge.
878 1369 945 1411 H..
963 1370 1226 1421 523-—531.,
1254 1370 1330 1412 ubi
1367 1370 1556 1413 felicitas
1581 1371 1682 1413 vitm

185 1446 360 1487 rusticae
410 1444 684 1489 describitur.
732 1472 789 1476 —
834 1446 954 1504 fetus
1003 1449 1219 1491 ‘matrona
1269 1446 1409 1498 dabit,
1458 1447 1682 1490 felicitatis

184 1522 371 1576 publicae
395 1536 501 1577 pars
527 1526 596 1566 est
616 1527 777 1579 praeter
801 1524 1050 1567 ubertatem
1074 1526 1252 1580 frugum
1278 1526 1379 1578 (vss.
1407 1526 1614 1578 83—86.)
1639 1528 1684 1568 et

185 1593 376 1643 feturam
402 1614 585 1656 gregum
609 1602 712 1654 (vss.
741 1602 948 1655 87—90.)
975 1603 1109 1645 etiam
1136 1602 1384 1645 fecunditas
1415 1603 1681 1653 mulierum;

185 1678 239 1719 cf.
265 1676 480 1720 Herodot.
506 1678 586 1721 ΙΠ.
613 1679 694 1722 65:
734 1681 803 1722 καὶ
829 1685 957 1722 ταῦτα
982 1683 1055 1737 μὲν
1079 1686 1239 1723 ποιεῦσι
1263 1678 1354 1738 ὑμῖν
1380 1689 1432 1738 γῆ
1457 1696 1499 1723 τε
1525 1684 1681 1737 καρπὸν

186 1753 355 1814 ἐκφέροι
379 1757 450 1798 καὶ
477 1760 665 1809 γυναῖκές
690 1771 732 1799 τε
758 1759 830 1800 καὶ
854 1762 1021 1813 ποῖμναι
1045 1759 1229 1800 τίκτοιεν.
1255 1784 1311 1786 ἡ
1338 1761 1566 1814 natusque
1584 1772 1679 1815 pa-

183 1831 303 1875 remi
331 1830 505 1876 Oscula
541 1832 822 1888 comprensis
859 1833 1053 1877 auribus
1090 1834 1264 1890 eripiet,
1288 1838 1338 1877 ut
1362 1835 1489 1889 Verg.
1517 1835 1597 1880 Ge.
1622 1836 1680 1878 II.

185 1909 285 1951 523.
327 1908 381 1950 de
423 1909 618 1963 agricola
658 1909 801 1951 felici:
850 1910 1049 1953 «Interea
1089 1910 1239 1952 dulces
1280 1911 1479 1964 pendent
1515 1913 1681 1956 circum

184 1986 337 2028 oscula
374 1986 511 2028 nati».
539 2011 598 2014 —
622 1986 819 2041 parenti,
857 1988 985 2042 patri,
1014 1990 1064 2029 ut
1087 1987 1218 2041 Prop.
1245 1988 1302 2029 H.
1332 1989 1402 2038 20,
1434 1990 1511 2031 15:
1545 1988 1682 2032 «Ossa

182 2062 264 2104 tibi
288 2063 387 2105 iuro
413 2076 492 2117 per
516 2058 672 2106 matris
698 2068 741 2106 et
767 2077 871 2106 ossa
893 2065 1135 2119 parentis».
1153 2090 1212 2094 —-
1237 2066 1518 2122 comprensis
1545 2066 1679 2110 auri.-

185 2139 285 2195 bus,
324 2153 466 2194 genus
513 2141 652 2182 osculi
700 2142 834 2183 etiam
880 2142 998 2184 inter
1042 2145 1245 2185 amantes
1290 2142 1518 2192 usitatum,
1562 2143 1682 2199 quod

183 2216 334 2260 Graece
359 2218 491 2273 χύτρα
514 2220 722 2267 vocatur;
749 2219 803 2260 cf.
830 2218 1023 2262 Pollucis
1049 2219 1279 2262 Onomast.
1307 2219 1360 2262 X.
1391 2222 1498 2263 100:
1526 2219 1681 2264 εἰδέναι

184 2293 229 2336 δὲ
271 2292 318 2338 οἵ)
358 2295 528 2352 φαῦλον,
571 2293 630 2337 ὄτι
670 2297 800 2352 χύτρα
838 2298 909 2338 καὶ
947 2298 1176 2355 φιλήματος
1218 2296 1330 2346 εἶδος
1371 2297 1434 2356 ἧν,
1474 2297 1592 2342 ὁπότε
1630 2302 1680 2341 τὰ

182 2371 327 2414 παιδία
353 2372 494 2429 φιλοίη
521 2379 598 2415 τῶν
614 2372 727 2416 ὤτων
752 2373 1112 2432 ἐπιλαμβανόμενα
1127 2391 1136 2426 ;
1150 2377 1336 2419 Theocr.
1351 2377 1401 2418 V.
1424 2378 1677 2420 132m7133:

184 2446 277 2492 Οὐκ
301 2448 422 2506 ἔραμ’
446 2449 675 2503 Ἀλκίππας,
703 2450 763 2494 ὅτι
788 2467 838 2508 με
863 2460 967 2508 πρᾶν
993 2451 1069 2497 οὐκ
1093 2453 1266 2512 ἐφίλησε
1294 2454 1385 2498 Τῶν
1410 2454 1523 2497 ὤτων
1548 2458 1678 2498 καθε-

180 2526 303 2578 λοῐσ”,
330 2525 410 2570 ὅκα
436 2524 475 2569 οἱ
497 2529 569 2569 τὰν
595 2532 764 2585 φάσσαν
787 2529 949 2581 ἔδωκας
977 2531 1116 2574 Plaut.
1145 2533 1268 2574 Asin.
1291 2535 1403 2575 668:
1429 2534 1678 2588 «prehende

182 2605 405 2650 auriculis.
433 2618 642 2660 compara
668 2606 830 2650 labella
856 2621 956 2650 cum
983 2609 1183 2652 labellis»
1217 2613 1263 2652 et
1286 2611 1406 2653 Poen.
1435 2612 1466 2653 I.
1497 2613 1534 2657 Ξ,
1574 2613 1676 2653 163:

187 2679 317 2724 «Sine
343 2684 385 2724 te
412 2682 626 2736 prendam
652 2683 874 2733 auriculis,
903 2685 999 2727 sine
1026 2686 1126 2728 dem
1168 2688 1382 2730 savium».
1411 2714 1466 2716 ——s
1495 2688 1675 2743 adviyi-

181 2756 287 2802 lare.
303 2759 470 2816 nepoti,
495 2762 546 2801 ut
583 2759 691 2802 Stat.
719 2759 853 2803 Theb.
880 2761 915 2804 Ι.
946 2763 1054 2805 147:
1090 2764 1212 2806 «Non
1250 2765 1484 2819 impacatis
1524 2778 1676 2817 regum

1470 2847 1532 2879 19*
