1942 3132
300 217 369 251 252
858 232 913 261 AD
935 231 982 261 11.
1008 231 1040 270 6,
1067 230 1231 261 11—14.

299 349 332 390 Ι.
361 350 400 398 9,
433 350 468 390 1.
497 348 625 391 dicit:
659 349 816 391 «habet
838 363 919 391 sua
945 351 1088 391 castra
1114 347 1307 402 Cupido»
1317 362 1327 397 ;
1355 348 1488 390 habet
1503 348 1638 401 igitur
1655 348 1789 390 etiam

301 426 426 479 signa
450 426 498 467 in
520 427 687 467 castris.
717 425 780 469 Cf.
808 426 882 469 Ov.
911 427 1006 469 Am.
1033 426 1089 468 Π.
1118 428 1157 475 9,
1179 427 1306 467 3—4.
1326 426 1381 467 ad
1395 425 1628 467 Amorem:
1650 424 1790 476 «Quid

299 515 382 552 me,
423 502 498 555 qui
537 502 667 544 miles
704 517 933 558 nunquam
978 508 1056 545 tua
1096 503 1222 557 signa
1263 502 1436 556 reliqui,
1476 502 1620 543 Laedis
1660 504 1702 543 et
1741 503 1790 544 in

299 579 453 621 castris
478 579 687 621 vulneror
710 580 805 633 ipse
830 581 965 622 meis»
998 582 1041 622 et
1064 580 1170 621 Her.
1202 580 1266 628 19,
1300 579 1404 621 157:
1439 578 1513 620 «In
1538 582 1616 620 tua
1647 581 1790 620 castra

299 655 403 704 redi,
434 656 540 697 socii
578 656 776 698 desertor
816 658 1021 700 amoris».
1050 682 1108 685 —
1135 657 1218 699 erit
1258 655 1328 698 hic
1368 668 1558 711 quoque,
1582 669 1687 709 pro:
1716 669 1788 697 ero

301 745 380 785 ego
406 745 578 786 quoque
593 746 604 781 ;
631 733 752 774 velut
777 732 914 786 digito
942 747 987 774 se
1014 733 1162 786 ipsum
1188 734 1446 774 monstrans
1460 746 1471 781 ;
1498 733 1550 774 cf.
1569 732 1676 772 Hor.
1698 730 1788 773 Sat.

298 809 331 849 Ι,
359 809 399 858 9,
425 809 507 849 47:
541 808 696 849 «Hunc
732 809 961 851 hominem
999 811 1044 861 (i.
1073 824 1109 851 e.
1136 811 1223 861 me)
1248 809 1386 850 velles
1422 809 1458 850 si
1484 808 1700 850 tradere».
1728 802 1788 836 ÷

297 884 399 940 Ipse
438 885 576 927 levem
612 885 749 941 galea
787 886 865 940 qui
903 886 992 929 sibi
1024 887 1172 940 portet
1211 897 1398 941 aquam,
1423 887 1554 939 poeta
1592 885 1790 926 imitatur

298 962 424 1016 Ptop.
463 961 541 1003 ΠΙ.
584 963 651 1013 12,
679 964 717 1004 8.
746 962 816 1014 (ad
847 964 1038 1004 amicum
1077 966 1218 1004 castra
1257 963 1555 1016 sequentem):
1589 961 1789 1004 «Potabis

299 1040 424 1094 galea
463 1040 605 1080 fessus
646 1039 798 1080 Araxis
840 1053 1043 1093 aquam».
1075 1065 1133 1068 ——
1170 1038 1273 1094 Ipse
1299 1072 1308 1081 .
1337 1072 1380 1080 ..
1412 1038 1502 1082 sibi
1536 1039 1701 1093 portet,
1739 1041 1789 1080 ut

299 1116 427 1158 miles
473 1116 708 1169 gregarius,
758 1116 832 1169 qui
879 1129 1055 1158 servum
1099 1130 1192 1157 non
1238 1115 1383 1158 habet.
1430 1141 1490 1144 —
1535 1116 1784 1158 levem...

299 1205 483 1250 aquam,
521 1204 680 1245 aquam
720 1205 770 1232 ex
807 1191 942 1234 fluvio
981 1192 1138 1233 leviter
1175 1194 1426 1233 currentem
1465 1191 1701 1240 hauriens;
1734 1193 1786 1232 cf.

298 1269 402 1310 Hor.
430 1267 568 1322 Epod.
601 1269 667 1319 16,
694 1269 776 1310 47:
811 1269 1061 1310 «montibus
1089 1269 1189 1310 altis
1215 1268 1347 1310 Levis
1373 1270 1580 1322 crepante
1606 1268 1789 1321 lympha

298 1344 444 1386 desilit
467 1344 622 1397 pede»;
651 1343 728 1385 Ov.
754 1344 871 1386 Fast.
899 1344 948 1387 V.
979 1346 1089 1387 662:
1119 1346 1262 1387 «leves
1294 1358 1473 1386 cursum
1511 1345 1788 1386 sustinuistis

297 1435 460 1476 aquae»;
488 1421 809 1475 Pseudo-Verg.
834 1420 928 1463 Cul.
951 1422 1058 1463 147:
1083 1421 1226 1463 «unda
1252 1454 1262 1463 .
1291 1454 1301 1462 .
1330 1454 1340 1463 .
1366 1421 1539 1463 levibus
1563 1421 1787 1474 placidum

297 1499 401 1540 rivis
429 1501 598 1540 sonat».
626 1523 684 1526 m
709 1497 767 1540 Et
792 1496 907 1540 mihi
933 1503 1040 1540 sunt
1065 1499 1199 1553 vires,
1225 1501 1264 1541 et
1290 1497 1404 1540 mihi
1429 1498 1553 1554 facta
1580 1497 1691 1540 tuba
1708 1502 1787 1551 est,

297 1578 442 1618 locum
479 1576 681 1617 imitatur
707 1574 782 1617 Ov.
810 1575 917 1616 Her.
949 1577 1013 1624 16,
1045 1577 1153 1617 352:
1184 1575 1263 1616 «Et
1296 1576 1409 1617 mihi
1447 1579 1551 1617 sunt
1587 1576 1712 1625 vires,
1744 1580 1787 1618 et

296 1666 394 1694 mea
418 1652 506 1693 tela
532 1654 738 1693 nocent».

354 1728 402 1770 V.
436 1729 620 1769 11ae14.
648 1727 818 1782 Magna
857 1728 1033 1782 loquor,
1070 1727 1149 1770 sed
1186 1727 1427 1783 maynifice
1463 1727 1578 1771 mihi
1614 1741 1786 1784 mamea

299 1806 459 1860 locuto,
484 1807 536 1846 cf.
566 1805 665 1847 adn.
705 1818 838 1858 supra
865 1805 919 1846 ad
943 1804 977 1846 Ι.
1007 1806 1046 1853 5,
1076 1806 1126 1846 6:
1161 1804 1512 1858 «Magnificum».
1541 1831 1599 1833 —
1624 1804 1783 1849 Excu-

298 1884 413 1926 tium
442 1917 448 1924 .
479 1917 486 1924 .
519 1914 529 1924 .
554 1882 708 1937 verba,
746 1884 796 1923 ut
834 1881 921 1924 Cic.
959 1895 1038 1935 pro
1079 1880 1186 1923 Sull.
1227 1883 1308 1924 24:
1343 1883 1442 1936 «qui
1481 1883 1518 1924 si
1556 1883 1786 1933 attulerint

295 1973 453 2002 nervos
480 1962 524 2000 et
548 1959 825 2009 industriam,
855 1959 1075 2000 excutient
1110 1958 1191 2000 tibi
1229 1958 1363 2000 istam
1387 1959 1621 2001 verborum
1652 1959 1783 2001 iacta-

298 2039 489 2079 tionem»
538 2040 580 2078 et
627 2035 776 2079 Senec.
824 2035 978 2078 Troad.
1026 2037 1137 2078 575:
1186 2035 1442 2090 «magnifica
1487 2035 1620 2077 verba
1665 2049 1784 2077 mors

297 2128 453 2168 propre
481 2113 657 2155 admota
683 2113 888 2154 excutit».
914 2137 973 2141 —
997 2112 1138 2168 fortia
1177 2111 1329 2167 verba,
1353 2115 1403 2154 ut
1427 2112 1555 2165 Prop.
1581 2112 1616 2154 I.
1644 2114 1682 2162 5,
1716 2114 1781 2155 14.
1843 2132 1846 2137 ·

297 2193 349 2233 de
394 2194 571 2232 amante
612 2193 891 2244 contempto:
940 2189 1075 2232 «Cum
1115 2190 1195 2231 tibi
1237 2189 1435 2243 singultu
1480 2189 1610 2231 fortia
1650 2190 1783 2231 verba

297 2267 494 2309 cadent».
520 2291 579 2294 -—
603 2266 875 2320 rediturum,
914 2267 1094 2320 supple:
1122 2279 1218 2315 me3
1259 2265 1412 2307 eadem
1451 2266 1621 2319 ellipsis
1647 2278 1781 2319 supra

295 2344 328 2385 I.
358 2344 395 2392 3,
424 2344 623 2385 27—28:
658 2356 786 2384 «nam
822 2355 952 2396 posse
990 2341 1158 2383 mederi
1184 2343 1258 2394 (sc.
1285 2343 1343 2394 te)
1368 2341 1488 2383 Picta
1514 2341 1642 2383 docet
1670 2343 1780 2383 tem-

295 2420 382 2473 plis
426 2420 566 2460 multa
607 2420 770 2461 tabella
814 2420 946 2461 tuis».
973 2444 1031 2448 —
1058 2419 1166 2462 bene
1211 2418 1380 2474 iuravi,
1418 2418 1557 2469 valde,
1599 2432 1780 2472 magno-

296 2509 411 2550 pere.
438 2519 496 2523 —
521 2508 599 2550 pes
639 2497 788 2537 tamen
808 2495 922 2550 ipse
953 2494 1085 2550 redit,
1110 2497 1160 2536 ut
1184 2495 1291 2536 Hor.
1318 2494 1456 2548 Epod.
1488 2496 1552 2543 11,
1581 2495 1780 2536 20—22:

303 2571 478 2613 «Iussus
504 2571 624 2612 abire
652 2571 831 2612 domum
869 2572 1039 2613 ferebar
1076 2572 1245 2612 incerto
1271 2571 1382 2625 pede
1407 2570 1474 2612 Ad
1498 2583 1589 2612 non
1616 2570 1780 2611 amicos

296 2649 384 2689 heu
427 2647 535 2689 mihi
583 2650 733 2701 postes
775 2650 817 2688 et
857 2648 945 2689 heu
984 2648 1162 2689 Limina
1202 2647 1335 2688 dura»
1367 2649 1410 2688 et
1448 2646 1575 2699 Prop.
1613 2645 1668 2688 H.
1709 2647 1779 2697 25,

300 2726 483 2767 19—20.
512 2723 563 2766 de
603 2726 803 2765 amante:
833 2724 982 2766 «Ultro
1017 2726 1296 2777 contemptus
1335 2724 1460 2776 rogat
1497 2725 1540 2763 et
1575 2735 1779 2776 peccasse
