1942 3132
265 228 309 262 68
859 243 915 271 AD
936 244 967 271 1.
990 242 1025 281 4,
1052 242 1168 271 1—-6,

265 361 368 399 ant-e
384 359 536 400 oculos
554 359 875 413 habuitpoe‘nas
887 359 1223 404 Alexandrinos.
1245 373 1433 413 quorum
1447 359 1764 413 Euphronius*

265 436 349 476 hoc
375 448 516 488 genus
544 436 755 477 carminis
781 437 972 477 maxime
1011 437 1255 478 excoluisse
1293 435 1478 486 videtur,
1520 440 1563 479 et
1587 436 1765 479 Horatii

266 509 354 551 Sat.
383 511 415 552 I.
447 512 500 561 8.,
530 512 606 552 ubi
632 512 819 566 Priapus
845 513 894 554 in
916 514 1046 555 horto
1075 513 1330 555 Maeoenatis
1347 514 1521 566 positus
1538 513 1766 556 inducitur

265 588 318 628 de
345 588 530 641 magicis
557 588 856 630 veneficarum
882 590 1052 631 artibus
1079 590 1343 644 loquens.‘'‘⁴‘

325 663 373 707 V.
421 666 543 706 1-6.
586 663 663 708 Sic
700 665 955 709 umbrosa.
980 700 1020 709 ..
1071 666 1288 717 sollertia,
1334 667 1556 708 sementia
1598 668 1660 709 ita
1699 671 1767 710 est

267 740 543 794 supplenda:
589 740 685 783 «Sic
727 742 805 783 tibi
845 748 1056 784 umbrosa
1095 746 1211 785 tecta
1249 745 1523 797 contingant,
1563 747 1613 785 ut
1653 744 1767 786 mihi
1823 733 1825 735 ¹

267 817 399 865 dices,
429 831 515 871 qua
543 818 742 860 sollertia
769 820 989 861 formosos
1016 820 1184 874 c'eperis
1201 822 1244 861 5²»
1278 820 1432 862 Simile
1465 824 1533 863 est
1557 821 1675 862 infra
1709 821 1765 862 ΙΙ.

267 897 306 945 5,
340 897 448 937 121:
494 895 686 944 «Adnue,
722 897 784 937 sic
810 897 892 938 tibi
931 897 1021 938 sint
1059 898 1242 948 intonsi,
1283 897 1459 947 Phoebe,
1489 898 1683 951 capilli».
1710 922 1770 926 —-

266 971 489 1015 umbrosa
515 974 643 1024 tecta,
683 973 832 1027 Priapi
870 974 1048 1027 signum
1089 975 1138 1016 in
1175 975 1317 1017 hor‘nis
1356 988 1473 1028 saepe
1513 975 1659 1016 stabat
1687 975 1768 1016 sub

269 1050 448 1099 arbore3
478 1051 530 1091 cf.
559 1048 702 1092 Garm.
732 1050 874 1104 Priap.
906 1052 974 1100 82,
1004 1052 1145 1093 6—8:
1179 1051 1370 1104 «Priape,
1401 1051 1477 1104 qui
1500 1052 1581 1093 sub
1600 1051 1770 1093 arboris

268 1139 395 1168 coma
423 1125 560 1176 Soles,
591 1140 766 1168 sacrum
792 1128 987 1168 revinc’oe
1013 1128 1227 1181 pampino
1255 1130 1400 1180 caput,
1429 1127 1578 1168 Ruber
1619 1127 1770 1169 sedere

269 1216 370 1244 cum
407 1203 594 1245 rubente
632 1204 846 1245 fascino».
880 1229 934 1233 —
965 1202 1028 1246 Ne
1065 1204 1206 1259 capiti
1245 1205 1362 1246 soles
1398 1216 1454 1245 nc
1491 1206 1774 1260 noceantque-

269 1279 406 1330 nives,
435 1294 491 1321 ne
519 1281 653 1334 capiti
672 1280 789 1322 soles
806 1281 1020 1335 nivesque
1035 1283 1227 1322 noceant
1242 1296 1252 1331 ;
1280 1282 1466 1322 insolita
1491 1282 1770 1323 coniunctio-

268 1357 339 1398 nis
381 1369 467 1413 que
508 1358 756 1406 collocaizio,
797 1361 846 1398 ut
888 1358 1006 1399 infra
1045 1357 1078 1398 I.
1122 1359 1161 1408 3,
1190 1359 1272 1398 55:
1327 1356 1610 1399 «Messallam
1653 1360 1798 1399 terra.

270 1434 375 1475 dum
415 1434 703 1488 sequiturque
741 1435 897 1483 mari»,
937 1435 970 1475 Ι.
1020 1436 1054 1482 1,
1096 1436 1178 1476 51;
1225 1433 1284 1476 «O
1324 1438 1540 1488 quantum
1581 1438 1647 1476 est
1674 1436 1772 1476 auri

268 1513 423 1565 pereat
439 1511 679 1565 potiusque
706 1511 954 1564 smaragdi»
989 1514 1032 1553 et
1057 1512 1089 1553 I.
1121 1513 1159 1561 7,
1188 1512 1391 1553 49—50:
1426 1515 1629 1552 «centum
1654 1511 1772 1553 ludis

271 1587 552 1642 Geniumque
588 1589 762 1629 choreis
798 1587 1110 1630 Concelebra».
1148 1612 1207 1617 —
1242 1588 1374 1638 soles,
1410 1588 1523 1629 radii
1558 1589 1678 1638 solis,
1724 1591 1775 1630 ut

269 1665 378 1707 Hor.
420 1665 560 1719 Epod.
609 1666 649 1714 2,
689 1665 891 1707 41—402:
945 1668 1151 1719 «perusta
1196 1666 1366 1707 solibus
1415 1665 1615 1707 Pernicis
1664 1679 1776 1707 uxor

270 1742 447 1795 Apuli».
488 1766 547 1772 —
590 1741 700 1794 Quae
739 1744 820 1785 tua
857 1742 1085 1795 formosos
1128 1740 1241 1796 cepit
1279 1739 1524 1784 sollertia?
1559 1741 1772 1795 Priapum

269 1819 547 1876 παιδεραστὴν
589 1819 799 1860 exhiben‘n
838 1817 982 1860 Carm.
1024 1818 1225 1871 Priapea,
1263 1820 1313 1859 ut
1354 1831 1387 1860 e.
1427 1831 1466 1871 g.
1508 1819 1560 1859 5:
1605 1817 1774 1869 «Quam

271 1909 410 1950 puero
427 1897 574 1950 legem
590 1897 731 1938 fertur
748 1896 911 1937 dixisse
934 1896 1136 1949 Priapus,
1153 1895 1365 1937 Versibus
1383 1895 1455 1935 hic
1472 1895 1591 1935 infra
1609 1894 1774 1948 scripta

271 1972 446 2014 duobus
469 1973 582 2015 erit:
611 1972 737 2024 Quod
764 1986 892 2014 meus
928 1973 1084 2014 hortus
1110 1972 1256 2023 habeb,
1287 1984 1437 2013 sumas
1462 1971 1647 2024 impune
1669 1970 1772 2012 lice-

272 2050 348 2099 bit,
379 2049 425 2091 Si
449 2049 624 2091 dederis
646 2049 789 2099 nobis,
811 2049 930 2103 quod
950 2052 1054 2091 tuus
1073 2050 1229 2091 hortus
1247 2048 1425 2090 habet».
1452 2072 1511 2077 —
1535 2047 1781 2102 formosos,

272 2140 435 2180 pueros
464 2127 690 2180 pulchros,
730 2129 780 2168 ut
812 2127 930 2167 infra
968 2126 1001 2169 Ι,
1046 2128 1085 2175 9,
1124 2127 1163 2168 6.
1206 2128 1250 2167 et
1289 2124 1437 2168 Graece
1476 2122 1515 2167 οἱ
1542 2126 1690 2174 καλοίς
1718 2125 1771 2166 cf.

274 2204 391 2244 infra
417 2203 471 2244 II.
495 2205 532 2252 3,
563 2205 645 2245 65:
679 2204 947 2245 «formosas»
972 2216 1030 2245 sc.
1048 2202 1235 2256 puellas.
1256 2226 1314 2230 —
1329 2199 1493 2244 Nudus
1515 2203 1554 2243 et
1573 2199 1775 2243 hibernae

274 2277 490 2332 producis
518 2279 700 2335 [Τίρωνα
729 2280 915 2331 brumae,
957 2277 1124 2321 Nudus
1165 2280 1205 2321 et
1241 2278 1385 2321 aestivi
1422 2279 1629 2332 tempora
1653 2276 1775 2319 sicca

278 2352 430 2405 Canis,
460 2356 578 2396 unde
606 2357 787 2409 querela
799 2357 950 2410 Priapi
977 2355 1120 2398 Carm.
1139 2355 1286 2409 Priap.
1316 2355 1384 2405 63,
1417 2354 1556 2395 1—6:
1589 2351 1777 2393 «Parum

278 2432 356 2478 est,
387 2430 504 2482 quod
536 2432 608 2471 hic
636 2445 737 2472 cum
775 2432 953 2473 fixerint
990 2432 1103 2473 mihi
1142 2431 1306 2480 sedem,
1346 2430 1516 2484 Agente
1554 2431 1671 2470 terra
1696 2441 1776 2481 per

338 2616 359 2638 *
386 2615 441 2650 Of.
467 2616 593 2650 Strab.
620 2616 728 2651 VIII.
754 2629 791 2661 p.
818 2619 898 2652 382.
935 2621 971 2652 etz
1009 2617 1224 2653 Susemihl:
1259 2617 1399 2652 Gesch.
1436 2615 1503 2649 der
1528 2614 1673 2658 griech.
1698 2614 1775 2649 Lit.

278 2681 320 2715 in
346 2680 414 2715 der
439 2680 801 2715 Alexandrinerzeit
826 2682 857 2716 I.
884 2693 921 2726 p.
947 2683 1029 2716 281.

318 2746 361 2768 **
389 2745 442 2780 Of.
468 2744 570 2780 infra
597 2746 756 2779 Excurs.
783 2747 814 2780 I.
