1942 3132
269 230 315 263 84
841 243 895 272 AD
917 244 947 272 1.
972 241 1004 281 8,
1032 242 1196 272 13—22.

327 359 376 401 V.
411 360 595 401 13—16.
630 361 789 413 vestes,
827 373 883 401 sc.
918 362 1063 401 vestes
1101 359 1362 408 interiores;
1403 359 1618 413 amictus,
1655 359 1773 413 quod

270 436 586 490 superinicitur
609 436 818 478 vestibus.
842 461 901 464 —
926 435 1149 490 Ansaque
1176 470 1183 477 .
1214 470 1221 477 .
1252 469 1260 477 .
1289 437 1410 489 arta,
1436 436 1646 478 homines
1686 437 1772 478 ele·

268 514 495 567 gantiores
531 513 773 554 utebantur
795 513 987 555 vinculis
1023 513 1188 566 pedum
1227 512 1348 562 artis,
1390 512 1511 554 unde
1543 513 1650 554 Hor.
1681 511 1769 555 Sat.

268 590 301 631 Ι.
332 592 370 638 3,
401 590 587 632 31--32,
616 588 670 631 (16
696 589 887 631 rustico:
932 592 1000 631 «et
1036 589 1154 630 male
1192 589 1320 630 laxus
1358 588 1413 629 In
1449 588 1560 642 pede
1600 589 1775 630 calceus

269 667 430 708 haeret»
468 669 512 708 et
537 665 613 708 Ov.
642 665 690 707 A.
718 666 767 707 A.
794 666 827 707 Ι.
857 667 956 709 516.
995 666 1224 719 praeoipit:
1257 665 1371 707 «Nec
1408 678 1549 719 vagus
1588 666 1636 707 in
1673 666 1774 708 laxa

268 758 347 798 pes
373 744 456 785 tibi
478 743 596 797 pelle
622 744 787 784 natet».
817 740 957 792 Ansa,
987 755 1044 784 sc.
1086 755 1195 783 ansa
1233 742 1424 795 crepidae
1441 756 1451 791 3
1484 742 1549 783 ita
1577 742 1773 796 appella-

268 821 400 862 batur
425 833 477 861 ea
501 834 605 874 pars
630 820 679 861 in
705 821 891 874 utroque
917 820 1055 860 latere
1074 819 1275 873 crepidae,
1297 819 1374 860 ubi
1392 819 1615 861 foramina
1632 822 1772 868 erant,

270 911 348 951 per
389 911 484 952 quae
525 897 713 950 corrigia
753 896 1007 944 ducebatur,
1051 897 1195 937 unde:
1239 896 1438 952 colliqat.
1476 920 1535 925 —
1565 894 1673 949 Illa,
1715 909 1772 938 sc.

270 974 420 1028 puella
446 976 607 1016 amata.
635 998 694 1001 —
721 972 905 1025 venerit,
933 985 988 1014 sc.
1018 973 1066 1014 in
1093 977 1395 1026 conspectum,
1424 975 1475 1014 ut
1499 973 1618 1014 infra
1642 973 1714 1014 IV.
1735 974 1773 1017 2.

276 1052 472 1093 11—12:
506 1050 640 1100 «Urit,
670 1062 748 1091 seu
786 1048 917 1103 Tyria
941 1049 1084 1091 voluit
1120 1050 1358 1103 procedere
1395 1050 1528 1103 palla,
1558 1050 1669 1100 Urit,
1698 1063 1778 1091 seu

268 1128 399 1170 nivea
424 1126 612 1168 candida
636 1126 757 1168 veste
783 1126 948 1167 venit».
977 1150 1036 1154 —
1062 1124 1154 1169 Neo
1180 1125 1385 1169 nitidum
1413 1125 1551 1169 tarda
1576 1138 1778 1181 compse-

270 1205 331 1248 rit
357 1206 454 1247 arte
482 1205 631 1258 caput,
670 1203 790 1244 hunc
827 1203 976 1244 locum
1018 1205 1120 1244 ante
1160 1204 1313 1245 oculos
1354 1203 1566 1245 habuisse
1602 1203 1778 1246 videtur

271 1283 395 1336 Prop.
423 1282 456 1323 Ι.
491 1283 556 1331 15,
584 1282 726 1323 5—6:
761 1281 839 1321 «Et
863 1283 991 1334 potes
1018 1281 1254 1322 hesternos
1280 1280 1489 1322 manibus
1508 1293 1776 1334 componere

270 1361 414 1401 crines
457 1359 514 1400 Et
550 1359 685 1412 longa
726 1359 885 1399 faciem
927 1371 1120 1412 quaerere
1162 1357 1357 1399 desidia»
1402 1360 1446 1398 et
1486 1357 1564 1398 ΠΙ.
1598 1358 1663 1406 10,
1698 1358 1776 1399 14:

277 1435 356 1476 «Et
392 1435 558 1476 nitidas
595 1447 749 1488 presso
788 1434 950 1487 pollice
988 1433 1105 1487 finge
1144 1446 1337 1474 comas».
1367 1458 1425 1461 -—
1451 1432 1667 1486 nitidum,
1697 1446 1778 1487 per

271 1513 525 1566 prolepsin:
564 1515 614 1553 ut
650 1512 803 1553 niteat.
832 1536 890 1539 ——
918 1510 1054 1554 tarda
1081 1545 1088 1552 .
1121 1545 1128 1552 .
1159 1543 1169 1552 .
1198 1511 1311 1560 arte,
1337 1512 1387 1551 ut
1426 1510 1561 1551 etiam
1600 1509 1773 1551 Terent.

271 1590 432 1632 Heaut.
460 1590 515 1631 H.
546 1591 584 1640 Ξ,
619 1591 683 1631 11.
714 1590 799 1631 ait:
830 1589 979 1630 «Nosti
1005 1601 1152 1629 mores
1177 1587 1442 1630 mulierum:
1471 1587 1576 1628 dum
1594 1600 1776 1629 comun-

271 1669 355 1711 tur.
385 1680 531 1708 annus
558 1669 666 1708 est».

330 1742 378 1783 V.
413 1743 596 1784 17—22.
626 1740 752 1784 Num
779 1744 818 1783 te
845 1740 1129 1784 carminibus
1147 1743 1244 1791 etc„
1263 1742 1315 1782 cf.
1339 1740 1392 1782 de
1411 1740 1561 1793 magia
1589 1739 1778 1789 alterum

271 1818 433 1859 Tibulli
458 1818 607 1859 locum
633 1817 751 1858 infra
775 1817 807 1858 Ι.
838 1818 877 1865 2,
906 1818 1096 1859 41-64.
1126 1842 1185 1845 —
1212 1815 1515 1864 carminibus,
1553 1829 1609 1857 sc.
1637 1816 1777 1869 magi-

273 1896 346 1937 cis.
375 1919 434 1923 ——
460 1894 743 1950 pallentibus
783 1893 951 1947 herbis,
991 1894 1159 1948 philtro
1200 1908 1250 1935 ex
1277 1897 1289 1948 ζ
1293 1893 1444 1935 herbis
1484 1893 1614 1941 facto,
1660 1892 1778 1947 quod

274 1973 478 2014 homines
518 1986 668 2014 amore
706 1973 874 2026 pallere
912 1972 1043 2021 facit;
1083 1973 1134 2013 cf.
1171 1970 1246 2013 Ov.
1275 1975 1324 2012 A.
1353 1971 1402 2011 A.
1432 1970 1487 2011 H.
1523 1970 1632 2011 105:
1666 1969 1778 2013 «Nec

274 2049 378 2091 data
403 2050 653 2103 profuerint
678 2049 896 2102 pallentia
920 2049 1090 2103 philtra
1115 2049 1302 2102 puellis»
1326 2050 1370 2089 et
1395 2047 1522 2101 Prop.
1542 2046 1614 2088 IV.
1636 2047 1674 2095 7,
1696 2047 1777 2088 36:

281 2125 435 2169 «Sensi
461 2139 554 2179 ego,
583 2139 684 2166 cum
721 2126 899 2167 insidiis
935 2126 1104 2180 pallida
1127 2127 1232 2168 vina
1272 2126 1406 2174 bibi»,
1447 2125 1523 2167 ubi
1560 2123 1778 2178 pallidum

274 2203 457 2243 vocatur
480 2202 636 2243 vinum
661 2204 944 2252 venenatum,
985 2203 1088 2255 quia
1126 2203 1332 2244 homines
1372 2204 1502 2243 necat
1539 2203 1583 2242 et
1619 2200 1778 2242 mortis

274 2279 442 2331 pallore
469 2277 623 2319 inficit.
651 2302 710 2305 ——
737 2278 872 2321 tacito
900 2279 1100 2333 tempore
1125 2279 1283 2333 noctis,
1311 2279 1414 2333 quia
1440 2280 1559 2320 artes
1590 2278 1776 2330 magicae

276 2357 412 2395 noctu
439 2354 763 2395 exercebantur.
791 2378 850 2382 --
877 2368 1008 2405 anus,
1039 2369 1155 2410 saga,
1184 2359 1234 2398 ut
1271 2357 1389 2398 infra
1412 2355 1446 2396 Ι.
1476 2357 1517 2406 2²2,
1543 2355 1627 2396 42:
1661 2367 1776 2395 «ma-

277 2430 373 2483 gico
410 2442 516 2482 saga
551 2429 845 2471 ministerio».
885 2455 944 2458 ——
972 2429 1145 2474 Cantus
1186 2432 1348 2475 vicinis
1385 2431 1543 2488 fraqes
1581 2428 1778 2473 traducit

278 2506 336 2549 ab
364 2505 503 2562 assis,
533 2519 589 2547 sc.
618 2507 667 2547 in
693 2507 830 2548 alium
859 2521 1013 2560 agrum
1039 2509 1255 2559 traducit3
1284 2510 1336 2551 cf.
1366 2509 1491 2562 Verg.
1521 2508 1610 2549 Ecl.
1633 2508 1671 2556 8,
1692 2508 1775 2549 98:

284 2584 450 2637 «Atque
478 2585 597 2624 satas
624 2583 712 2624 alio
737 2583 827 2623 vidi
853 2584 1083 2626 traducere
1109 2599 1301 2629 messes»
1335 2588 1378 2627 et
1405 2585 1479 2628 Ov.
1511 2585 1635 2626 Rem.
1667 2585 1776 2626 255:

286 2659 409 2701 «Non
451 2671 575 2712 seges
617 2672 668 2700 ex
710 2659 809 2700 aliis
852 2660 964 2702 alios
1005 2663 1212 2704 transibit
1252 2663 1300 2704 in
1338 2675 1509 2716 agros».
1549 2660 1646 2702 Hoc
1685 2664 1779 2702 erat

279 2737 522 2779 excantare
546 2735 717 2791 frayes,
736 2736 853 2789 quod
878 2737 975 2790 lege
995 2738 1228 2782 duodecim
1246 2740 1500 2782 tabularum
1517 2737 1774 2787 vetabatur;
