<?xml version="1.0" encoding="UTF-8"?>
<!DOCTYPE html PUBLIC "-//W3C//DTD XHTML 1.0 Transitional//EN"
    "http://www.w3.org/TR/xhtml1/DTD/xhtml1-transitional.dtd">
<html xmlns="http://www.w3.org/1999/xhtml" xml:lang="en" lang="en">
 <head>
  <title>
</title>
<meta http-equiv="Content-Type" content="text/html;charset=utf-8" />
  <meta name='ocr-system' content='tesseract 3.04.00' />
  <meta name='ocr-capabilities' content='ocr_page ocr_carea ocr_par ocr_line ocrx_word'/>
</head>
<body>
  <div class='ocr_page' id='page_1' title='image "./carminaaccedunts00tibuuoft_0074.png"; bbox 0 0 1942 3132; ppageno 0'>
   <div class='ocr_carea' id='block_1_1' title="bbox 297 203 1224 253">
    <p class='ocr_par' dir='ltr' id='par_1_1' title="bbox 297 203 1224 253">
     <span class='ocr_line' id='line_1_1' title="bbox 297 203 1224 253; baseline -0.001 -9"><span class='ocrx_word' id='word_1_1' title='bbox 297 203 343 238; x_wconf 91' lang='grc'><strong>70</strong></span> <span class='ocrx_word' id='word_1_2' title='bbox 868 215 925 244; x_wconf 67' lang='lat' dir='ltr'><strong>An</strong></span> <span class='ocrx_word' id='word_1_3' title='bbox 944 216 976 245; x_wconf 90' lang='lat'><strong>1.</strong></span> <span class='ocrx_word' id='word_1_4' title='bbox 999 213 1033 253; x_wconf 79' lang='lat'><strong>4,</strong></span> <span class='ocrx_word' id='word_1_5' title='bbox 1060 213 1224 244; x_wconf 69' lang='lat'><strong>15—20.</strong></span> 
     </span>
    </p>
   </div>
   <div class='ocr_carea' id='block_1_2' title="bbox 274 329 1795 2763">
    <p class='ocr_par' dir='ltr' id='par_1_2' title="bbox 285 329 1795 1219">
     <span class='ocr_line' id='line_1_2' title="bbox 296 329 1795 386; baseline 0.001 -14"><span class='ocrx_word' id='word_1_6' title='bbox 296 330 438 373; x_wconf 88' lang='lat' dir='ltr'><strong>Carm.</strong></span> <span class='ocrx_word' id='word_1_7' title='bbox 468 331 545 373; x_wconf 89' lang='lat' dir='ltr'><strong>III.</strong></span> <span class='ocrx_word' id='word_1_8' title='bbox 584 332 623 380; x_wconf 93' lang='lat'><strong>7,</strong></span> <span class='ocrx_word' id='word_1_9' title='bbox 654 332 858 375; x_wconf 66' lang='lat'>26—29:</span> <span class='ocrx_word' id='word_1_10' title='bbox 904 331 1141 384; x_wconf 83' lang='lat' dir='ltr'><strong>«Quamvis</strong></span> <span class='ocrx_word' id='word_1_11' title='bbox 1167 344 1260 372; x_wconf 91' lang='lat' dir='ltr'><strong>non</strong></span> <span class='ocrx_word' id='word_1_12' title='bbox 1287 330 1402 372; x_wconf 86' lang='lat' dir='ltr'><strong>alius</strong></span> <span class='ocrx_word' id='word_1_13' title='bbox 1426 329 1605 373; x_wconf 88' lang='lat' dir='ltr'><strong>flectere</strong></span> <span class='ocrx_word' id='word_1_14' title='bbox 1632 344 1795 386; x_wconf 88' lang='lat' dir='ltr'><strong>equum</strong></span> 
     </span>
     <span class='ocr_line' id='line_1_3' title="bbox 295 406 1795 462; baseline -0.001 -12"><span class='ocrx_word' id='word_1_15' title='bbox 295 409 440 450; x_wconf 84' lang='lat' dir='ltr'><strong>sciens</strong></span> <span class='ocrx_word' id='word_1_16' title='bbox 477 407 628 462; x_wconf 86' lang='lat' dir='ltr'><strong>Aeque</strong></span> <span class='ocrx_word' id='word_1_17' title='bbox 666 407 938 462; x_wconf 86' lang='lat' dir='ltr'><strong>conspicitur</strong></span> <span class='ocrx_word' id='word_1_18' title='bbox 974 408 1176 462; x_wconf 84' lang='lat' dir='ltr'><strong>gramine</strong></span> <span class='ocrx_word' id='word_1_19' title='bbox 1215 406 1392 457; x_wconf 87' lang='lat' dir='ltr'><strong>Martio,</strong></span> <span class='ocrx_word' id='word_1_20' title='bbox 1431 407 1520 448; x_wconf 87' lang='lat' dir='ltr'><strong>Nec</strong></span> <span class='ocrx_word' id='word_1_21' title='bbox 1559 407 1795 462; x_wconf 88' lang='lat' dir='ltr'><strong>quisquam</strong></span> 
     </span>
     <span class='ocr_line' id='line_1_4' title="bbox 293 483 1794 539; baseline -0.001 -12"><span class='ocrx_word' id='word_1_22' title='bbox 293 486 408 527; x_wconf 87' lang='lat' dir='ltr'><strong>citus</strong></span> <span class='ocrx_word' id='word_1_23' title='bbox 430 499 553 539; x_wconf 82' lang='lat' dir='ltr'><strong>aeque</strong></span> <span class='ocrx_word' id='word_1_24' title='bbox 575 484 716 527; x_wconf 84' lang='lat' dir='ltr'><strong>Tusco</strong></span> <span class='ocrx_word' id='word_1_25' title='bbox 735 484 916 527; x_wconf 88' lang='lat' dir='ltr'><strong>denatat</strong></span> <span class='ocrx_word' id='word_1_26' title='bbox 934 485 1083 527; x_wconf 89' lang='lat' dir='ltr'><strong>alveo»</strong></span> <span class='ocrx_word' id='word_1_27' title='bbox 1105 499 1114 533; x_wconf 86' lang='lat'><em>3</em></span> <span class='ocrx_word' id='word_1_28' title='bbox 1138 484 1241 526; x_wconf 86' lang='lat' dir='ltr'><strong>ibid.</strong></span> <span class='ocrx_word' id='word_1_29' title='bbox 1270 484 1303 526; x_wconf 92' lang='grc' dir='ltr'><strong>Ι.</strong></span> <span class='ocrx_word' id='word_1_30' title='bbox 1324 484 1364 534; x_wconf 90' lang='grc'><strong>8,</strong></span> <span class='ocrx_word' id='word_1_31' title='bbox 1393 483 1522 525; x_wconf 87' lang='grc'>5--8.</span> <span class='ocrx_word' id='word_1_32' title='bbox 1553 486 1596 525; x_wconf 87' lang='lat' dir='ltr'><strong>et</strong></span> <span class='ocrx_word' id='word_1_33' title='bbox 1620 483 1699 525; x_wconf 91' lang='grc' dir='ltr'><strong>ΠΙ.</strong></span> <span class='ocrx_word' id='word_1_34' title='bbox 1728 485 1794 533; x_wconf 75' lang='lat'><strong>12,</strong></span> 
     </span>
     <span class='ocr_line' id='line_1_5' title="bbox 293 559 1795 617; baseline -0.001 -13"><span class='ocrx_word' id='word_1_35' title='bbox 293 563 423 604; x_wconf 82' lang='lat'><strong>5—6.</strong></span> <span class='ocrx_word' id='word_1_36' title='bbox 451 559 511 591; x_wconf 63' lang='lat'><strong>&#39;—</strong></span> <span class='ocrx_word' id='word_1_37' title='bbox 537 561 771 617; x_wconf 67' lang='lat' dir='ltr'><strong>anqustis.</strong></span> <span class='ocrx_word' id='word_1_38' title='bbox 788 593 798 606; x_wconf 93' lang='lat'><strong>.</strong></span> <span class='ocrx_word' id='word_1_39' title='bbox 815 593 825 607; x_wconf 81' lang='grc'>,</span> <span class='ocrx_word' id='word_1_40' title='bbox 855 560 1058 612; x_wconf 79' lang='lat' dir='ltr'><strong><em>habenis,</em></strong></span> <span class='ocrx_word' id='word_1_41' title='bbox 1079 561 1292 603; x_wconf 76' lang='lat' dir='ltr'><strong>adductis.</strong></span> <span class='ocrx_word' id='word_1_42' title='bbox 1322 585 1380 590; x_wconf 86' lang='lat'>—</span> <span class='ocrx_word' id='word_1_43' title='bbox 1398 559 1640 615; x_wconf 80' lang='lat' dir='ltr'><em>placidam</em></span> <span class='ocrx_word' id='word_1_44' title='bbox 1665 560 1795 603; x_wconf 72' lang='lat' dir='ltr'><strong>niveo</strong></span> 
     </span>
     <span class='ocr_line' id='line_1_6' title="bbox 285 636 1794 694; baseline -0.003 -12"><span class='ocrx_word' id='word_1_45' title='bbox 285 641 465 694; x_wconf 78' lang='lat' dir='ltr'><em>pectore</em></span> <span class='ocrx_word' id='word_1_46' title='bbox 486 637 616 693; x_wconf 77' lang='lat' dir='ltr'><strong>pellit</strong></span> <span class='ocrx_word' id='word_1_47' title='bbox 642 650 827 694; x_wconf 77' lang='lat' dir='ltr'><strong>aquam,</strong></span> <span class='ocrx_word' id='word_1_48' title='bbox 854 638 1079 680; x_wconf 84' lang='lat' dir='ltr'>Tibullum</span> <span class='ocrx_word' id='word_1_49' title='bbox 1101 638 1304 679; x_wconf 77' lang='lat' dir='ltr'><strong>imitatur</strong></span> <span class='ocrx_word' id='word_1_50' title='bbox 1321 636 1397 679; x_wconf 88' lang='lat' dir='ltr'><strong>Ov.</strong></span> <span class='ocrx_word' id='word_1_51' title='bbox 1424 637 1473 678; x_wconf 90' lang='lat' dir='ltr'><strong>A.</strong></span> <span class='ocrx_word' id='word_1_52' title='bbox 1501 637 1550 678; x_wconf 89' lang='lat' dir='ltr'><strong>A.</strong></span> <span class='ocrx_word' id='word_1_53' title='bbox 1578 637 1657 678; x_wconf 88' lang='grc' dir='ltr'><strong>ΙΠ.</strong></span> <span class='ocrx_word' id='word_1_54' title='bbox 1685 637 1794 684; x_wconf 83' lang='grc'>386;</span> 
     </span>
     <span class='ocr_line' id='line_1_7' title="bbox 297 713 1788 769; baseline -0.001 -11"><span class='ocrx_word' id='word_1_55' title='bbox 297 715 411 758; x_wconf 87' lang='lat' dir='ltr'><strong>«Nec</strong></span> <span class='ocrx_word' id='word_1_56' title='bbox 431 716 599 758; x_wconf 80' lang='lat' dir='ltr'><strong>Tuscus</strong></span> <span class='ocrx_word' id='word_1_57' title='bbox 624 714 801 769; x_wconf 85' lang='lat' dir='ltr'><strong>placida</strong></span> <span class='ocrx_word' id='word_1_58' title='bbox 824 715 1002 757; x_wconf 72' lang='lat' dir='ltr'><strong>devehit</strong></span> <span class='ocrx_word' id='word_1_59' title='bbox 1042 715 1187 756; x_wconf 90' lang='lat' dir='ltr'><strong>amnis</strong></span> <span class='ocrx_word' id='word_1_60' title='bbox 1215 728 1353 768; x_wconf 86' lang='lat' dir='ltr'><strong>aqua»</strong></span> <span class='ocrx_word' id='word_1_61' title='bbox 1386 716 1431 755; x_wconf 92' lang='lat' dir='ltr'><strong>et</strong></span> <span class='ocrx_word' id='word_1_62' title='bbox 1455 713 1560 755; x_wconf 87' lang='lat' dir='ltr'><strong>Her.</strong></span> <span class='ocrx_word' id='word_1_63' title='bbox 1594 715 1660 764; x_wconf 87' lang='lat'><strong>19,</strong></span> <span class='ocrx_word' id='word_1_64' title='bbox 1689 714 1788 756; x_wconf 71' lang='lat'><strong>208.</strong></span> 
     </span>
     <span class='ocr_line' id='line_1_8' title="bbox 292 790 1791 847; baseline 0 -13"><span class='ocrx_word' id='word_1_65' title='bbox 292 792 345 834; x_wconf 91' lang='lat' dir='ltr'><strong>de</strong></span> <span class='ocrx_word' id='word_1_66' title='bbox 371 792 576 834; x_wconf 77' lang='lat' dir='ltr'>Leandro</span> <span class='ocrx_word' id='word_1_67' title='bbox 593 808 603 836; x_wconf 90' lang='lat'>:</span> <span class='ocrx_word' id='word_1_68' title='bbox 636 791 768 834; x_wconf 89' lang='lat' dir='ltr'><strong>«Tam</strong></span> <span class='ocrx_word' id='word_1_69' title='bbox 788 791 988 847; x_wconf 88' lang='lat' dir='ltr'><strong>placidas</strong></span> <span class='ocrx_word' id='word_1_70' title='bbox 1001 794 1096 834; x_wconf 93' lang='lat' dir='ltr'><strong>toto</strong></span> <span class='ocrx_word' id='word_1_71' title='bbox 1113 794 1292 845; x_wconf 82' lang='lat' dir='ltr'><strong>pectore</strong></span> <span class='ocrx_word' id='word_1_72' title='bbox 1309 790 1427 832; x_wconf 90' lang='lat' dir='ltr'><strong>finde</strong></span> <span class='ocrx_word' id='word_1_73' title='bbox 1448 791 1587 835; x_wconf 81' lang='lat' dir='ltr'><strong>vias».</strong></span> <span class='ocrx_word' id='word_1_74' title='bbox 1616 815 1676 820; x_wconf 80' lang='lat'><strong>-—-</strong></span> <span class='ocrx_word' id='word_1_75' title='bbox 1695 791 1791 846; x_wconf 80' lang='lat' dir='ltr'><strong>pel-</strong></span> 
     </span>
     <span class='ocr_line' id='line_1_9' title="bbox 292 867 1793 925; baseline -0.001 -13"><span class='ocrx_word' id='word_1_76' title='bbox 292 868 344 912; x_wconf 78' lang='lat' dir='ltr'><strong>lit</strong></span> <span class='ocrx_word' id='word_1_77' title='bbox 370 881 554 925; x_wconf 81' lang='lat' dir='ltr'><strong>aquam,</strong></span> <span class='ocrx_word' id='word_1_78' title='bbox 595 868 648 910; x_wconf 90' lang='lat' dir='ltr'><strong>de</strong></span> <span class='ocrx_word' id='word_1_79' title='bbox 674 870 872 918; x_wconf 88' lang='lat' dir='ltr'><strong>natante,</strong></span> <span class='ocrx_word' id='word_1_80' title='bbox 913 872 964 910; x_wconf 91' lang='lat' dir='ltr'><strong>ut</strong></span> <span class='ocrx_word' id='word_1_81' title='bbox 1004 868 1138 922; x_wconf 83' lang='lat' dir='ltr'><strong>Lygd.</strong></span> <span class='ocrx_word' id='word_1_82' title='bbox 1184 870 1223 917; x_wconf 86' lang='lat'><strong>5,</strong></span> <span class='ocrx_word' id='word_1_83' title='bbox 1266 869 1345 910; x_wconf 86' lang='lat'><strong>30:</strong></span> <span class='ocrx_word' id='word_1_84' title='bbox 1391 868 1470 909; x_wconf 87' lang='lat' dir='ltr'><strong>«Et</strong></span> <span class='ocrx_word' id='word_1_85' title='bbox 1495 867 1642 909; x_wconf 87' lang='lat' dir='ltr'><strong>facilis</strong></span> <span class='ocrx_word' id='word_1_86' title='bbox 1668 868 1793 910; x_wconf 85' lang='lat' dir='ltr'><strong>lenta</strong></span> 
     </span>
     <span class='ocr_line' id='line_1_10' title="bbox 287 944 1791 1001; baseline -0.001 -13"><span class='ocrx_word' id='word_1_87' title='bbox 287 946 473 1001; x_wconf 82' lang='lat' dir='ltr'><strong>pellitur</strong></span> <span class='ocrx_word' id='word_1_88' title='bbox 497 945 620 987; x_wconf 88' lang='lat' dir='ltr'><strong>unda</strong></span> <span class='ocrx_word' id='word_1_89' title='bbox 644 959 825 987; x_wconf 88' lang='lat' dir='ltr'><strong>manu».</strong></span> <span class='ocrx_word' id='word_1_90' title='bbox 853 970 913 974; x_wconf 93' lang='lat'><strong>—</strong></span> <span class='ocrx_word' id='word_1_91' title='bbox 939 946 1064 1000; x_wconf 75' lang='lat' dir='ltr'><strong>cepit,</strong></span> <span class='ocrx_word' id='word_1_92' title='bbox 1096 945 1149 986; x_wconf 91' lang='lat' dir='ltr'><strong>de</strong></span> <span class='ocrx_word' id='word_1_93' title='bbox 1172 959 1236 994; x_wconf 90' lang='lat' dir='ltr'><strong>eo,</strong></span> <span class='ocrx_word' id='word_1_94' title='bbox 1262 945 1338 998; x_wconf 90' lang='lat' dir='ltr'><strong>qui</strong></span> <span class='ocrx_word' id='word_1_95' title='bbox 1360 958 1559 986; x_wconf 91' lang='lat' dir='ltr'><strong>amorem</strong></span> <span class='ocrx_word' id='word_1_96' title='bbox 1577 944 1791 997; x_wconf 77' lang='lat' dir='ltr'><strong>accendit,</strong></span> 
     </span>
     <span class='ocr_line' id='line_1_11' title="bbox 287 1007 1793 1077; baseline -0.002 -11"><span class='ocrx_word' id='word_1_97' title='bbox 287 1027 339 1066; x_wconf 91' lang='lat' dir='ltr'><strong>ut</strong></span> <span class='ocrx_word' id='word_1_98' title='bbox 362 1023 490 1077; x_wconf 90' lang='lat' dir='ltr'><strong>Prop.</strong></span> <span class='ocrx_word' id='word_1_99' title='bbox 519 1023 551 1064; x_wconf 89' lang='grc' dir='ltr'><strong>Ι.</strong></span> <span class='ocrx_word' id='word_1_100' title='bbox 586 1024 621 1072; x_wconf 92' lang='grc'><strong>1,</strong></span> <span class='ocrx_word' id='word_1_101' title='bbox 655 1024 703 1064; x_wconf 91' lang='lat'><strong>1:</strong></span> <span class='ocrx_word' id='word_1_102' title='bbox 737 1021 954 1077; x_wconf 86' lang='lat' dir='ltr'><strong>«Cynthia</strong></span> <span class='ocrx_word' id='word_1_103' title='bbox 990 1007 1138 1076; x_wconf 88' lang='lat' dir='ltr'><strong>prima</strong></span> <span class='ocrx_word' id='word_1_104' title='bbox 1177 1022 1269 1063; x_wconf 88' lang='lat' dir='ltr'><strong>suis</strong></span> <span class='ocrx_word' id='word_1_105' title='bbox 1307 1021 1523 1064; x_wconf 88' lang='lat' dir='ltr'><strong>miserum</strong></span> <span class='ocrx_word' id='word_1_106' title='bbox 1562 1034 1634 1063; x_wconf 90' lang='lat' dir='ltr'><strong>me</strong></span> <span class='ocrx_word' id='word_1_107' title='bbox 1673 1023 1793 1076; x_wconf 86' lang='lat' dir='ltr'><strong>cepit</strong></span> 
     </span>
     <span class='ocr_line' id='line_1_12' title="bbox 288 1098 1789 1162; baseline -0.002 -20"><span class='ocrx_word' id='word_1_108' title='bbox 288 1100 481 1142; x_wconf 78' lang='lat' dir='ltr'><strong>ocellis.»</strong></span> <span class='ocrx_word' id='word_1_109' title='bbox 513 1124 572 1128; x_wconf 97' lang='lat'><strong>—</strong></span> <span class='ocrx_word' id='word_1_110' title='bbox 598 1100 689 1142; x_wconf 78' lang='lat' dir='ltr'><strong>stat</strong></span> <span class='ocrx_word' id='word_1_111' title='bbox 711 1098 867 1155; x_wconf 78' lang='lat' dir='ltr'><strong>pudor</strong></span> <span class='ocrx_word' id='word_1_112' title='bbox 898 1100 1002 1141; x_wconf 77' lang='lat' dir='ltr'><strong>ante</strong></span> <span class='ocrx_word' id='word_1_113' title='bbox 1024 1111 1182 1155; x_wconf 63' lang='lat' dir='ltr'><strong>genas,</strong></span> <span class='ocrx_word' id='word_1_114' title='bbox 1215 1099 1383 1162; x_wconf 87' lang='lat' dir='ltr'><strong>eminet</strong></span> <span class='ocrx_word' id='word_1_115' title='bbox 1414 1100 1463 1140; x_wconf 90' lang='lat' dir='ltr'><strong>in</strong></span> <span class='ocrx_word' id='word_1_116' title='bbox 1495 1112 1582 1149; x_wconf 77' lang='lat' dir='ltr'><strong>ore,</strong></span> <span class='ocrx_word' id='word_1_117' title='bbox 1614 1099 1789 1153; x_wconf 90' lang='lat' dir='ltr'><strong>conspi-</strong></span> 
     </span>
     <span class='ocr_line' id='line_1_13' title="bbox 287 1179 498 1219; baseline 0 0"><span class='ocrx_word' id='word_1_118' title='bbox 287 1191 396 1219; x_wconf 89' lang='lat' dir='ltr'><strong>cuus</strong></span> <span class='ocrx_word' id='word_1_119' title='bbox 420 1179 498 1219; x_wconf 88' lang='lat' dir='ltr'><strong>est.</strong></span> 
     </span>
    </p>

    <p class='ocr_par' dir='ltr' id='par_1_3' title="bbox 274 1252 1789 2763">
     <span class='ocr_line' id='line_1_14' title="bbox 346 1252 1789 1309; baseline -0.001 -13"><span class='ocrx_word' id='word_1_120' title='bbox 346 1254 395 1296; x_wconf 92' lang='lat' dir='ltr'><strong>V.</strong></span> <span class='ocrx_word' id='word_1_121' title='bbox 429 1255 614 1296; x_wconf 69' lang='lat'><strong>15—20.</strong></span> <span class='ocrx_word' id='word_1_122' title='bbox 643 1252 842 1309; x_wconf 71' lang='lat' dir='ltr'><strong>neyaMt,</strong></span> <span class='ocrx_word' id='word_1_123' title='bbox 870 1252 1050 1306; x_wconf 89' lang='lat' dir='ltr'><strong>proprie</strong></span> <span class='ocrx_word' id='word_1_124' title='bbox 1077 1252 1238 1294; x_wconf 88' lang='lat' dir='ltr'><strong>dicitur</strong></span> <span class='ocrx_word' id='word_1_125' title='bbox 1263 1253 1311 1293; x_wconf 92' lang='lat' dir='ltr'><strong>in</strong></span> <span class='ocrx_word' id='word_1_126' title='bbox 1340 1266 1543 1294; x_wconf 86' lang='lat' dir='ltr'><strong>sermone</strong></span> <span class='ocrx_word' id='word_1_127' title='bbox 1570 1253 1789 1296; x_wconf 89' lang='lat' dir='ltr'><strong>amatorio</strong></span> 
     </span>
     <span class='ocr_line' id='line_1_15' title="bbox 285 1329 1788 1385; baseline -0.001 -12"><span class='ocrx_word' id='word_1_128' title='bbox 285 1334 520 1385; x_wconf 88' lang='lat' dir='ltr'><strong>poetarum</strong></span> <span class='ocrx_word' id='word_1_129' title='bbox 547 1330 846 1384; x_wconf 86' lang='lat' dir='ltr'><strong>elegiacorum</strong></span> <span class='ocrx_word' id='word_1_130' title='bbox 872 1329 925 1371; x_wconf 92' lang='lat' dir='ltr'><strong>de</strong></span> <span class='ocrx_word' id='word_1_131' title='bbox 944 1342 1008 1378; x_wconf 85' lang='lat' dir='ltr'><strong>eo,</strong></span> <span class='ocrx_word' id='word_1_132' title='bbox 1026 1330 1102 1383; x_wconf 87' lang='lat' dir='ltr'><strong>qui</strong></span> <span class='ocrx_word' id='word_1_133' title='bbox 1120 1332 1366 1371; x_wconf 75' lang='lat' dir='ltr'><strong>amatorem</strong></span> <span class='ocrx_word' id='word_1_134' title='bbox 1393 1343 1525 1372; x_wconf 89' lang='grc'>81111111</span> <span class='ocrx_word' id='word_1_135' title='bbox 1547 1344 1639 1372; x_wconf 85' lang='grc'>11011</span> <span class='ocrx_word' id='word_1_136' title='bbox 1658 1343 1788 1371; x_wconf 81' lang='lat' dir='ltr'><strong>exau-</strong></span> 
     </span>
     <span class='ocr_line' id='line_1_16' title="bbox 285 1406 1786 1460; baseline 0 -10"><span class='ocrx_word' id='word_1_137' title='bbox 285 1408 362 1458; x_wconf 90' lang='lat' dir='ltr'><strong>dit,</strong></span> <span class='ocrx_word' id='word_1_138' title='bbox 394 1410 444 1450; x_wconf 92' lang='lat' dir='ltr'><strong>ut</strong></span> <span class='ocrx_word' id='word_1_139' title='bbox 470 1408 588 1449; x_wconf 86' lang='lat' dir='ltr'><strong>infra</strong></span> <span class='ocrx_word' id='word_1_140' title='bbox 625 1407 680 1448; x_wconf 89' lang='lat' dir='ltr'><strong>II.</strong></span> <span class='ocrx_word' id='word_1_141' title='bbox 723 1408 762 1456; x_wconf 84' lang='lat'><strong>6,</strong></span> <span class='ocrx_word' id='word_1_142' title='bbox 792 1408 873 1449; x_wconf 69' lang='lat'><strong>27:</strong></span> <span class='ocrx_word' id='word_1_143' title='bbox 921 1410 1078 1460; x_wconf 88' lang='lat' dir='ltr'><strong>«negat</strong></span> <span class='ocrx_word' id='word_1_144' title='bbox 1103 1406 1238 1455; x_wconf 58' lang='lat' dir='ltr'><strong>illam</strong></span> <span class='ocrx_word' id='word_1_145' title='bbox 1278 1407 1331 1448; x_wconf 86' lang='lat' dir='ltr'><strong>cf.</strong></span> <span class='ocrx_word' id='word_1_146' title='bbox 1360 1407 1488 1460; x_wconf 89' lang='lat' dir='ltr'><strong>Prop.</strong></span> <span class='ocrx_word' id='word_1_147' title='bbox 1517 1407 1573 1448; x_wconf 89' lang='lat' dir='ltr'><strong>H.</strong></span> <span class='ocrx_word' id='word_1_148' title='bbox 1605 1408 1673 1456; x_wconf 69' lang='lat'><strong>32,</strong></span> <span class='ocrx_word' id='word_1_149' title='bbox 1703 1408 1786 1451; x_wconf 84' lang='lat'><strong>60:</strong></span> 
     </span>
     <span class='ocr_line' id='line_1_17' title="bbox 290 1483 1789 1539; baseline -0.001 -12"><span class='ocrx_word' id='word_1_150' title='bbox 290 1485 415 1527; x_wconf 86' lang='lat' dir='ltr'><strong>«Non</strong></span> <span class='ocrx_word' id='word_1_151' title='bbox 441 1484 589 1539; x_wconf 88' lang='lat' dir='ltr'><strong>potuit</strong></span> <span class='ocrx_word' id='word_1_152' title='bbox 613 1497 777 1537; x_wconf 87' lang='lat' dir='ltr'><strong>magno</strong></span> <span class='ocrx_word' id='word_1_153' title='bbox 804 1486 926 1525; x_wconf 88' lang='lat' dir='ltr'><strong>casta</strong></span> <span class='ocrx_word' id='word_1_154' title='bbox 951 1496 1115 1536; x_wconf 86' lang='lat' dir='ltr'><strong>negare</strong></span> <span class='ocrx_word' id='word_1_155' title='bbox 1141 1483 1261 1526; x_wconf 86' lang='lat' dir='ltr'><strong>Iovi»</strong></span> <span class='ocrx_word' id='word_1_156' title='bbox 1307 1485 1351 1525; x_wconf 86' lang='lat' dir='ltr'><strong>et</strong></span> <span class='ocrx_word' id='word_1_157' title='bbox 1386 1483 1464 1525; x_wconf 89' lang='grc' dir='ltr'><strong>ΠΙ.</strong></span> <span class='ocrx_word' id='word_1_158' title='bbox 1495 1486 1564 1534; x_wconf 68' lang='lat'><strong>21,</strong></span> <span class='ocrx_word' id='word_1_159' title='bbox 1594 1485 1620 1526; x_wconf 95' lang='lat'><strong>7</strong></span> <span class='ocrx_word' id='word_1_160' title='bbox 1638 1500 1648 1526; x_wconf 91' lang='lat'>:</span> <span class='ocrx_word' id='word_1_161' title='bbox 1681 1484 1789 1526; x_wconf 80' lang='lat' dir='ltr'><strong>«Vix</strong></span> 
     </span>
     <span class='ocr_line' id='line_1_18' title="bbox 282 1560 1786 1614; baseline 0 -10"><span class='ocrx_word' id='word_1_162' title='bbox 282 1565 437 1604; x_wconf 90' lang='lat' dir='ltr'><strong>tamen</strong></span> <span class='ocrx_word' id='word_1_163' title='bbox 462 1565 541 1603; x_wconf 91' lang='lat' dir='ltr'><strong>aut</strong></span> <span class='ocrx_word' id='word_1_164' title='bbox 565 1561 705 1603; x_wconf 87' lang='grc'>8811181</span> <span class='ocrx_word' id='word_1_165' title='bbox 732 1560 939 1610; x_wconf 87' lang='lat' dir='ltr'><strong>admittit,</strong></span> <span class='ocrx_word' id='word_1_166' title='bbox 980 1574 1081 1602; x_wconf 91' lang='lat' dir='ltr'><strong>cum</strong></span> <span class='ocrx_word' id='word_1_167' title='bbox 1109 1574 1224 1614; x_wconf 83' lang='lat' dir='ltr'><strong>saepe</strong></span> <span class='ocrx_word' id='word_1_168' title='bbox 1262 1562 1461 1614; x_wconf 88' lang='lat' dir='ltr'><strong>negarit»</strong></span> <span class='ocrx_word' id='word_1_169' title='bbox 1494 1565 1537 1603; x_wconf 93' lang='lat' dir='ltr'><strong>et</strong></span> <span class='ocrx_word' id='word_1_170' title='bbox 1561 1561 1634 1603; x_wconf 87' lang='lat' dir='ltr'><strong>IV.</strong></span> <span class='ocrx_word' id='word_1_171' title='bbox 1664 1563 1703 1611; x_wconf 86' lang='lat'><strong>5,</strong></span> <span class='ocrx_word' id='word_1_172' title='bbox 1733 1563 1786 1604; x_wconf 88' lang='lat'><strong>5:</strong></span> 
     </span>
     <span class='ocr_line' id='line_1_19' title="bbox 289 1637 1787 1695; baseline 0.004 -19"><span class='ocrx_word' id='word_1_173' title='bbox 289 1639 453 1680; x_wconf 89' lang='lat' dir='ltr'><strong>«Docta</strong></span> <span class='ocrx_word' id='word_1_174' title='bbox 469 1639 541 1680; x_wconf 89' lang='lat' dir='ltr'><strong>vel</strong></span> <span class='ocrx_word' id='word_1_175' title='bbox 553 1638 852 1692; x_wconf 87' lang='lat' dir='ltr'><strong>Hippolytum</strong></span> <span class='ocrx_word' id='word_1_176' title='bbox 867 1637 1032 1678; x_wconf 87' lang='lat' dir='ltr'><strong>Veneri</strong></span> <span class='ocrx_word' id='word_1_177' title='bbox 1049 1637 1225 1679; x_wconf 88' lang='lat' dir='ltr'><strong>mollire</strong></span> <span class='ocrx_word' id='word_1_178' title='bbox 1242 1640 1526 1691; x_wconf 74' lang='lat' dir='ltr'><strong>negantem».</strong></span> <span class='ocrx_word' id='word_1_179' title='bbox 1546 1663 1605 1667; x_wconf 92' lang='lat'><strong>—</strong></span> <span class='ocrx_word' id='word_1_180' title='bbox 1621 1637 1787 1695; x_wconf 72' lang='lat' dir='ltr'><strong>Lonya</strong></span> 
     </span>
     <span class='ocr_line' id='line_1_20' title="bbox 283 1713 1784 1769; baseline -0.001 -10"><span class='ocrx_word' id='word_1_181' title='bbox 283 1716 380 1759; x_wconf 79' lang='lat' dir='ltr'><strong>dics</strong></span> <span class='ocrx_word' id='word_1_182' title='bbox 406 1714 582 1761; x_wconf 77' lang='lat' dir='ltr'><strong>homini</strong></span> <span class='ocrx_word' id='word_1_183' title='bbox 609 1713 762 1757; x_wconf 78' lang='lat' dir='ltr'><strong>docuit</strong></span> <span class='ocrx_word' id='word_1_184' title='bbox 781 1726 948 1769; x_wconf 74' lang='lat' dir='ltr'><strong>parcre</strong></span> <span class='ocrx_word' id='word_1_185' title='bbox 978 1714 1136 1763; x_wconf 73' lang='lat' dir='ltr'><strong>leones,</strong></span> <span class='ocrx_word' id='word_1_186' title='bbox 1165 1716 1215 1755; x_wconf 88' lang='lat' dir='ltr'><strong>ut</strong></span> <span class='ocrx_word' id='word_1_187' title='bbox 1242 1715 1317 1757; x_wconf 87' lang='lat' dir='ltr'><strong>Ov.</strong></span> <span class='ocrx_word' id='word_1_188' title='bbox 1347 1715 1475 1757; x_wconf 85' lang='lat' dir='ltr'><strong>Trist.</strong></span> <span class='ocrx_word' id='word_1_189' title='bbox 1494 1715 1566 1757; x_wconf 83' lang='lat' dir='ltr'><strong>IV.</strong></span> <span class='ocrx_word' id='word_1_190' title='bbox 1588 1716 1627 1765; x_wconf 86' lang='grc'><strong>6,</strong></span> <span class='ocrx_word' id='word_1_191' title='bbox 1644 1717 1784 1758; x_wconf 83' lang='lat'><strong>5-6:</strong></span> 
     </span>
     <span class='ocr_line' id='line_1_21' title="bbox 287 1791 1785 1846; baseline 0.003 -16"><span class='ocrx_word' id='word_1_192' title='bbox 287 1793 528 1846; x_wconf 81' lang='lat' dir='ltr'><strong>«Tempore</strong></span> <span class='ocrx_word' id='word_1_193' title='bbox 567 1792 807 1833; x_wconf 87' lang='lat' dir='ltr'><strong>Poenorum</strong></span> <span class='ocrx_word' id='word_1_194' title='bbox 845 1791 1140 1845; x_wconf 85' lang='lat' dir='ltr'><strong>compescitur</strong></span> <span class='ocrx_word' id='word_1_195' title='bbox 1177 1792 1244 1833; x_wconf 84' lang='lat' dir='ltr'><strong>ira</strong></span> <span class='ocrx_word' id='word_1_196' title='bbox 1281 1793 1466 1834; x_wconf 90' lang='lat' dir='ltr'><strong>leonum</strong></span> <span class='ocrx_word' id='word_1_197' title='bbox 1505 1793 1593 1834; x_wconf 93' lang='lat' dir='ltr'><strong>Nec</strong></span> <span class='ocrx_word' id='word_1_198' title='bbox 1632 1794 1785 1835; x_wconf 82' lang='lat' dir='ltr'><strong>feritas</strong></span> 
     </span>
     <span class='ocr_line' id='line_1_22' title="bbox 282 1867 1783 1926; baseline 0 -14"><span class='ocrx_word' id='word_1_199' title='bbox 282 1871 447 1920; x_wconf 88' lang='lat' dir='ltr'><strong>animo,</strong></span> <span class='ocrx_word' id='word_1_200' title='bbox 476 1884 571 1924; x_wconf 83' lang='lat' dir='ltr'><strong>quae</strong></span> <span class='ocrx_word' id='word_1_201' title='bbox 598 1870 684 1911; x_wconf 88' lang='lat' dir='ltr'><strong>fuit</strong></span> <span class='ocrx_word' id='word_1_202' title='bbox 710 1872 826 1919; x_wconf 88' lang='lat' dir='ltr'><strong>ante,</strong></span> <span class='ocrx_word' id='word_1_203' title='bbox 855 1871 1049 1910; x_wconf 89' lang='lat' dir='ltr'><strong>manet».</strong></span> <span class='ocrx_word' id='word_1_204' title='bbox 1070 1894 1128 1898; x_wconf 91' lang='lat'>—</span> <span class='ocrx_word' id='word_1_205' title='bbox 1151 1867 1314 1926; x_wconf 70' lang='lat' dir='ltr'><strong>Lonya</strong></span> <span class='ocrx_word' id='word_1_206' title='bbox 1330 1868 1440 1919; x_wconf 80' lang='lat' dir='ltr'><strong>dies,</strong></span> <span class='ocrx_word' id='word_1_207' title='bbox 1459 1869 1646 1923; x_wconf 86' lang='lat' dir='ltr'><strong>longum</strong></span> <span class='ocrx_word' id='word_1_208' title='bbox 1671 1873 1783 1912; x_wconf 88' lang='lat' dir='ltr'><strong>tem-</strong></span> 
     </span>
     <span class='ocr_line' id='line_1_23' title="bbox 279 1945 1779 2001; baseline 0 -13"><span class='ocrx_word' id='word_1_209' title='bbox 279 1960 376 2001; x_wconf 87' lang='lat' dir='ltr'><strong>pus,</strong></span> <span class='ocrx_word' id='word_1_210' title='bbox 403 1947 574 2000; x_wconf 84' lang='lat' dir='ltr'><strong>passim</strong></span> <span class='ocrx_word' id='word_1_211' title='bbox 601 1946 720 1999; x_wconf 89' lang='lat' dir='ltr'><strong>apud</strong></span> <span class='ocrx_word' id='word_1_212' title='bbox 745 1948 902 1998; x_wconf 88' lang='lat' dir='ltr'><strong>poetas</strong></span> <span class='ocrx_word' id='word_1_213' title='bbox 929 1945 1170 1994; x_wconf 80' lang='lat' dir='ltr'><strong>Romanos,</strong></span> <span class='ocrx_word' id='word_1_214' title='bbox 1199 1949 1249 1987; x_wconf 91' lang='lat' dir='ltr'><strong>ut</strong></span> <span class='ocrx_word' id='word_1_215' title='bbox 1275 1945 1401 1999; x_wconf 85' lang='lat' dir='ltr'><strong>Verg.</strong></span> <span class='ocrx_word' id='word_1_216' title='bbox 1430 1947 1537 1988; x_wconf 90' lang='lat' dir='ltr'><strong>Aen.</strong></span> <span class='ocrx_word' id='word_1_217' title='bbox 1566 1946 1637 1987; x_wconf 90' lang='lat' dir='ltr'><strong>VI.</strong></span> <span class='ocrx_word' id='word_1_218' title='bbox 1665 1948 1779 1997; x_wconf 68' lang='lat'>745„</span> 
     </span>
     <span class='ocr_line' id='line_1_24' title="bbox 281 2020 1782 2078; baseline 0.001 -14"><span class='ocrx_word' id='word_1_219' title='bbox 281 2022 356 2065; x_wconf 86' lang='lat' dir='ltr'><strong>Ov.</strong></span> <span class='ocrx_word' id='word_1_220' title='bbox 385 2022 489 2063; x_wconf 88' lang='lat' dir='ltr'><strong>Met.</strong></span> <span class='ocrx_word' id='word_1_221' title='bbox 530 2022 563 2062; x_wconf 92' lang='grc' dir='ltr'><strong>Ι.</strong></span> <span class='ocrx_word' id='word_1_222' title='bbox 607 2023 704 2063; x_wconf 76' lang='lat'><strong>346.</strong></span> <span class='ocrx_word' id='word_1_223' title='bbox 746 2024 825 2063; x_wconf 89' lang='lat' dir='ltr'><strong>etc.</strong></span> <span class='ocrx_word' id='word_1_224' title='bbox 855 2046 912 2050; x_wconf 75' lang='lat'><strong>——</strong></span> <span class='ocrx_word' id='word_1_225' title='bbox 938 2020 1103 2078; x_wconf 71' lang='lat' dir='ltr'><strong>Lonya</strong></span> <span class='ocrx_word' id='word_1_226' title='bbox 1140 2021 1236 2064; x_wconf 81' lang='lat' dir='ltr'><strong>dies</strong></span> <span class='ocrx_word' id='word_1_227' title='bbox 1274 2022 1406 2065; x_wconf 82' lang='lat' dir='ltr'><strong>molli</strong></span> <span class='ocrx_word' id='word_1_228' title='bbox 1447 2035 1569 2066; x_wconf 74' lang='lat' dir='ltr'><strong>sama</strong></span> <span class='ocrx_word' id='word_1_229' title='bbox 1602 2021 1782 2078; x_wconf 79' lang='lat' dir='ltr'><strong>peredit</strong></span> 
     </span>
     <span class='ocr_line' id='line_1_25' title="bbox 280 2099 1777 2154; baseline -0.001 -12"><span class='ocrx_word' id='word_1_230' title='bbox 280 2112 419 2154; x_wconf 74' lang='lat' dir='ltr'><strong>aqua,</strong></span> <span class='ocrx_word' id='word_1_231' title='bbox 444 2100 492 2141; x_wconf 91' lang='lat' dir='ltr'><strong>in</strong></span> <span class='ocrx_word' id='word_1_232' title='bbox 518 2100 803 2153; x_wconf 85' lang='lat' dir='ltr'><strong>proverbium</strong></span> <span class='ocrx_word' id='word_1_233' title='bbox 831 2099 939 2140; x_wconf 90' lang='lat' dir='ltr'><strong>abiit</strong></span> <span class='ocrx_word' id='word_1_234' title='bbox 954 2114 964 2148; x_wconf 88' lang='lat'>;</span> <span class='ocrx_word' id='word_1_235' title='bbox 1006 2099 1231 2141; x_wconf 83' lang='lat' dir='ltr'><strong>Tibullum</strong></span> <span class='ocrx_word' id='word_1_236' title='bbox 1258 2100 1460 2141; x_wconf 77' lang='lat' dir='ltr'><strong>imitatur</strong></span> <span class='ocrx_word' id='word_1_237' title='bbox 1486 2101 1562 2142; x_wconf 88' lang='lat' dir='ltr'><strong>Ov.</strong></span> <span class='ocrx_word' id='word_1_238' title='bbox 1590 2100 1639 2141; x_wconf 95' lang='lat' dir='ltr'><strong>A.</strong></span> <span class='ocrx_word' id='word_1_239' title='bbox 1667 2100 1715 2141; x_wconf 87' lang='lat' dir='ltr'><strong>A.</strong></span> <span class='ocrx_word' id='word_1_240' title='bbox 1743 2099 1777 2141; x_wconf 93' lang='grc' dir='ltr'><strong>Ι.</strong></span> 
     </span>
     <span class='ocr_line' id='line_1_26' title="bbox 279 2175 1780 2231; baseline 0.004 -15"><span class='ocrx_word' id='word_1_241' title='bbox 279 2177 538 2217; x_wconf 77' lang='lat'>475—476:</span> <span class='ocrx_word' id='word_1_242' title='bbox 573 2175 712 2227; x_wconf 80' lang='lat' dir='ltr'><strong>«Quid</strong></span> <span class='ocrx_word' id='word_1_243' title='bbox 738 2176 882 2228; x_wconf 82' lang='lat' dir='ltr'><strong>magis</strong></span> <span class='ocrx_word' id='word_1_244' title='bbox 901 2179 967 2217; x_wconf 86' lang='lat' dir='ltr'><strong>est</strong></span> <span class='ocrx_word' id='word_1_245' title='bbox 990 2190 1094 2218; x_wconf 83' lang='lat' dir='ltr'><strong>saxo</strong></span> <span class='ocrx_word' id='word_1_246' title='bbox 1112 2176 1285 2227; x_wconf 92' lang='lat' dir='ltr'><strong>durum,</strong></span> <span class='ocrx_word' id='word_1_247' title='bbox 1306 2176 1412 2231; x_wconf 89' lang='lat' dir='ltr'><strong>quid</strong></span> <span class='ocrx_word' id='word_1_248' title='bbox 1430 2177 1612 2219; x_wconf 86' lang='lat' dir='ltr'><strong>mollius</strong></span> <span class='ocrx_word' id='word_1_249' title='bbox 1629 2178 1780 2222; x_wconf 75' lang='lat' dir='ltr'><strong>unda?</strong></span> 
     </span>
     <span class='ocr_line' id='line_1_27' title="bbox 277 2250 1775 2308; baseline 0.004 -17"><span class='ocrx_word' id='word_1_250' title='bbox 277 2250 400 2291; x_wconf 86' lang='lat' dir='ltr'><strong>Dura</strong></span> <span class='ocrx_word' id='word_1_251' title='bbox 426 2253 579 2291; x_wconf 89' lang='lat' dir='ltr'><strong>tamen</strong></span> <span class='ocrx_word' id='word_1_252' title='bbox 606 2251 733 2292; x_wconf 91' lang='lat' dir='ltr'><strong>molli</strong></span> <span class='ocrx_word' id='word_1_253' title='bbox 761 2264 864 2292; x_wconf 83' lang='lat' dir='ltr'><strong>saxa</strong></span> <span class='ocrx_word' id='word_1_254' title='bbox 899 2256 1113 2294; x_wconf 81' lang='lat' dir='ltr'><strong>cavantur</strong></span> <span class='ocrx_word' id='word_1_255' title='bbox 1140 2266 1276 2306; x_wconf 88' lang='lat' dir='ltr'><strong>aqua»</strong></span> <span class='ocrx_word' id='word_1_256' title='bbox 1297 2269 1306 2303; x_wconf 79' lang='lat'><em>3</em></span> <span class='ocrx_word' id='word_1_257' title='bbox 1335 2253 1500 2295; x_wconf 89' lang='lat' dir='ltr'><strong>similia</strong></span> <span class='ocrx_word' id='word_1_258' title='bbox 1527 2256 1631 2296; x_wconf 85' lang='lat' dir='ltr'><strong>sunt</strong></span> <span class='ocrx_word' id='word_1_259' title='bbox 1657 2255 1775 2308; x_wconf 88' lang='lat' dir='ltr'><strong>apud</strong></span> 
     </span>
     <span class='ocr_line' id='line_1_28' title="bbox 279 2326 1776 2377; baseline 0.003 -10"><span class='ocrx_word' id='word_1_260' title='bbox 279 2326 470 2367; x_wconf 91' lang='lat' dir='ltr'><strong>eundem</strong></span> <span class='ocrx_word' id='word_1_261' title='bbox 495 2326 559 2367; x_wconf 79' lang='lat' dir='ltr'><strong>Ex</strong></span> <span class='ocrx_word' id='word_1_262' title='bbox 599 2327 724 2368; x_wconf 88' lang='lat' dir='ltr'><strong>Pont.</strong></span> <span class='ocrx_word' id='word_1_263' title='bbox 753 2327 809 2368; x_wconf 87' lang='lat' dir='ltr'><strong>H.</strong></span> <span class='ocrx_word' id='word_1_264' title='bbox 840 2329 878 2377; x_wconf 90' lang='lat'><strong>7,</strong></span> <span class='ocrx_word' id='word_1_265' title='bbox 907 2329 990 2370; x_wconf 78' lang='lat'><strong>48:</strong></span> <span class='ocrx_word' id='word_1_266' title='bbox 1030 2329 1270 2370; x_wconf 89' lang='lat' dir='ltr'><strong>«Percussu</strong></span> <span class='ocrx_word' id='word_1_267' title='bbox 1302 2330 1454 2372; x_wconf 87' lang='lat' dir='ltr'><strong>crebro</strong></span> <span class='ocrx_word' id='word_1_268' title='bbox 1488 2343 1592 2372; x_wconf 84' lang='lat' dir='ltr'><strong>saxa</strong></span> <span class='ocrx_word' id='word_1_269' title='bbox 1617 2344 1776 2373; x_wconf 84' lang='lat' dir='ltr'><strong>cavan-</strong></span> 
     </span>
     <span class='ocr_line' id='line_1_29' title="bbox 277 2404 1773 2460; baseline 0.003 -17"><span class='ocrx_word' id='word_1_270' title='bbox 277 2406 350 2444; x_wconf 83' lang='lat' dir='ltr'><strong>tur</strong></span> <span class='ocrx_word' id='word_1_271' title='bbox 376 2404 526 2456; x_wconf 88' lang='lat' dir='ltr'><strong>aquis»</strong></span> <span class='ocrx_word' id='word_1_272' title='bbox 560 2406 603 2444; x_wconf 88' lang='lat' dir='ltr'><strong>et</strong></span> <span class='ocrx_word' id='word_1_273' title='bbox 627 2404 698 2445; x_wconf 82' lang='lat' dir='ltr'><strong>IV.</strong></span> <span class='ocrx_word' id='word_1_274' title='bbox 733 2405 798 2453; x_wconf 87' lang='lat'><strong>10,</strong></span> <span class='ocrx_word' id='word_1_275' title='bbox 828 2407 880 2446; x_wconf 80' lang='lat'><strong>5:</strong></span> <span class='ocrx_word' id='word_1_276' title='bbox 915 2405 1078 2447; x_wconf 82' lang='lat' dir='ltr'><strong>«Gutta</strong></span> <span class='ocrx_word' id='word_1_277' title='bbox 1102 2408 1230 2448; x_wconf 83' lang='lat' dir='ltr'><strong>cavat</strong></span> <span class='ocrx_word' id='word_1_278' title='bbox 1265 2407 1503 2460; x_wconf 87' lang='lat' dir='ltr'><strong>lapidem».</strong></span> <span class='ocrx_word' id='word_1_279' title='bbox 1544 2406 1606 2448; x_wconf 84' lang='lat' dir='ltr'><strong>Cf.</strong></span> <span class='ocrx_word' id='word_1_280' title='bbox 1637 2407 1773 2448; x_wconf 86' lang='lat' dir='ltr'><strong>etiam</strong></span> 
     </span>
     <span class='ocr_line' id='line_1_30' title="bbox 274 2477 1776 2535; baseline 0.003 -17"><span class='ocrx_word' id='word_1_281' title='bbox 274 2477 403 2531; x_wconf 85' lang='lat' dir='ltr'><strong>Prop.</strong></span> <span class='ocrx_word' id='word_1_282' title='bbox 431 2478 486 2519; x_wconf 87' lang='lat' dir='ltr'><strong>II.</strong></span> <span class='ocrx_word' id='word_1_283' title='bbox 516 2479 585 2527; x_wconf 69' lang='lat'><strong>25,</strong></span> <span class='ocrx_word' id='word_1_284' title='bbox 619 2480 816 2521; x_wconf 85' lang='lat'>15—16:</span> <span class='ocrx_word' id='word_1_285' title='bbox 862 2482 1044 2523; x_wconf 88' lang='lat' dir='ltr'><strong>«teritur</strong></span> <span class='ocrx_word' id='word_1_286' title='bbox 1079 2482 1284 2535; x_wconf 83' lang='lat' dir='ltr'><strong>rubigine</strong></span> <span class='ocrx_word' id='word_1_287' title='bbox 1322 2496 1475 2523; x_wconf 89' lang='lat' dir='ltr'><strong>mucro</strong></span> <span class='ocrx_word' id='word_1_288' title='bbox 1513 2482 1704 2524; x_wconf 86' lang='lat' dir='ltr'><strong>Ferreus</strong></span> <span class='ocrx_word' id='word_1_289' title='bbox 1732 2485 1776 2524; x_wconf 88' lang='lat' dir='ltr'><strong>et</strong></span> 
     </span>
     <span class='ocr_line' id='line_1_31' title="bbox 276 2542 1771 2614; baseline 0.004 -18"><span class='ocrx_word' id='word_1_290' title='bbox 276 2568 413 2610; x_wconf 87' lang='lat' dir='ltr'><strong>parvo</strong></span> <span class='ocrx_word' id='word_1_291' title='bbox 453 2568 568 2609; x_wconf 84' lang='lat' dir='ltr'><strong>saepe</strong></span> <span class='ocrx_word' id='word_1_292' title='bbox 600 2556 773 2609; x_wconf 86' lang='lat' dir='ltr'><strong>liquore</strong></span> <span class='ocrx_word' id='word_1_293' title='bbox 813 2558 962 2600; x_wconf 85' lang='lat' dir='ltr'><strong>silex».</strong></span> <span class='ocrx_word' id='word_1_294' title='bbox 992 2583 1048 2587; x_wconf 91' lang='lat'><strong>—-</strong></span> <span class='ocrx_word' id='word_1_295' title='bbox 1075 2558 1239 2601; x_wconf 76' lang='lat' dir='ltr'><strong>Annus</strong></span> <span class='ocrx_word' id='word_1_296' title='bbox 1275 2542 1326 2601; x_wconf 75' lang='lat' dir='ltr'><strong>in.</strong></span> <span class='ocrx_word' id='word_1_297' title='bbox 1364 2559 1533 2614; x_wconf 72' lang='lat' dir='ltr'><strong>apricis</strong></span> <span class='ocrx_word' id='word_1_298' title='bbox 1565 2560 1771 2602; x_wconf 77' lang='lat' dir='ltr'><strong>maturat</strong></span> 
     </span>
     <span class='ocr_line' id='line_1_32' title="bbox 276 2632 1768 2689; baseline 0.003 -15"><span class='ocrx_word' id='word_1_299' title='bbox 276 2632 469 2676; x_wconf 76' lang='lat' dir='ltr'><strong>collibus</strong></span> <span class='ocrx_word' id='word_1_300' title='bbox 495 2645 620 2685; x_wconf 77' lang='lat' dir='ltr'><strong>uvaS,</strong></span> <span class='ocrx_word' id='word_1_301' title='bbox 648 2636 780 2686; x_wconf 89' lang='lat' dir='ltr'><strong>poeta</strong></span> <span class='ocrx_word' id='word_1_302' title='bbox 795 2635 971 2676; x_wconf 87' lang='lat' dir='ltr'><strong>videtur</strong></span> <span class='ocrx_word' id='word_1_303' title='bbox 996 2639 1099 2678; x_wconf 86' lang='lat' dir='ltr'><strong>ante</strong></span> <span class='ocrx_word' id='word_1_304' title='bbox 1127 2637 1279 2678; x_wconf 89' lang='lat' dir='ltr'><strong>oculos</strong></span> <span class='ocrx_word' id='word_1_305' title='bbox 1305 2636 1515 2678; x_wconf 86' lang='lat' dir='ltr'><strong>habuisse</strong></span> <span class='ocrx_word' id='word_1_306' title='bbox 1531 2635 1658 2689; x_wconf 87' lang='lat' dir='ltr'><strong>Verg.</strong></span> <span class='ocrx_word' id='word_1_307' title='bbox 1678 2635 1768 2678; x_wconf 91' lang='lat' dir='ltr'><strong>Ecl.</strong></span> 
     </span>
     <span class='ocr_line' id='line_1_33' title="bbox 278 2707 1766 2763; baseline 0.003 -13"><span class='ocrx_word' id='word_1_308' title='bbox 278 2709 318 2759; x_wconf 88' lang='lat'><strong>9,</strong></span> <span class='ocrx_word' id='word_1_309' title='bbox 344 2709 430 2752; x_wconf 80' lang='lat'><strong>49:</strong></span> <span class='ocrx_word' id='word_1_310' title='bbox 462 2707 676 2750; x_wconf 82' lang='lat' dir='ltr'><strong>«Duceret</strong></span> <span class='ocrx_word' id='word_1_311' title='bbox 704 2710 864 2763; x_wconf 86' lang='lat' dir='ltr'><strong>apricis</strong></span> <span class='ocrx_word' id='word_1_312' title='bbox 903 2712 951 2752; x_wconf 87' lang='lat' dir='ltr'><strong>in</strong></span> <span class='ocrx_word' id='word_1_313' title='bbox 977 2711 1167 2754; x_wconf 87' lang='lat' dir='ltr'><strong>collibus</strong></span> <span class='ocrx_word' id='word_1_314' title='bbox 1203 2726 1289 2755; x_wconf 89' lang='lat' dir='ltr'><strong>uva</strong></span> <span class='ocrx_word' id='word_1_315' title='bbox 1326 2712 1574 2762; x_wconf 90' lang='lat' dir='ltr'><strong>colorem»;</strong></span> <span class='ocrx_word' id='word_1_316' title='bbox 1607 2712 1660 2753; x_wconf 85' lang='lat' dir='ltr'><strong>cf.</strong></span> <span class='ocrx_word' id='word_1_317' title='bbox 1691 2711 1766 2755; x_wconf 85' lang='lat' dir='ltr'><strong>Ov.</strong></span> 
     </span>
    </p>
   </div>
  </div>
 </body>
</html>
