1942 3132
0 1278 9 1357 ἑ.

0 1739 5 1806 f

654 202 976 249 sonora-nouas
997 201 1187 242 emnem.
1596 186 1664 221 307

170 322 529 381 respiceretque:
554 322 603 363 A.
630 320 790 379 Recepi
816 319 1117 363 coniecturam
1141 318 1344 372 Haupt-ii,
1371 333 1466 373 quae
1499 319 1667 374 optime

173 397 545 443 eonvenitDeliae
572 396 902 454 superstitiosae,
931 397 1084 438 sortes.
1098 395 1365 437 consulenti.
1406 394 1537 449 Origo
1573 409 1671 441 θοι·-ι

172 475 380 531 ruptelae:
407 488 488 530 pro
526 473 762 532 despiceret
798 472 1013 527 scriptum
1050 474 1118 514 est
1154 469 1409 527 despiceret,
1450 485 1536 526 quo
1573 485 1667 514 non

172 551 402 610 intellecto
422 550 593 593 librarii
613 550 923 592 coniecerunt:
944 547 1197 603 respiceret.
1221 572 1279 576 -—
1304 549 1371 603 18.
1391 545 1637 591 Saturnine
1651 563 1668 591 .-

174 643 226 671 ex
250 610 397 670 fetere
423 629 702 676 coniectura;
728 624 923 670 Saturni
948 627 1060 668 aut:
1085 625 1150 675 D;
1177 623 1402 669 Saturni:
1426 626 1475 667 A.
1503 651 1557 654 0—
1598 627 1667 669 21.

172 718 230 749 ne
254 705 359 762 quis
376 719 392 751 ,ἢ
417 704 482 754 D;
507 717 599 747 neu
623 703 761 760 quis:
785 703 833 746 A.
861 725 920 731 ——
946 703 1016 745 22.
1054 702 1196 745 sciet:
1233 702 1423 753 coniecit
1459 701 1668 756 Doering;

173 783 317 827 sciat:
342 782 445 828 libri
471 795 645 825 omnes.
667 781 915 824 Probabilis
940 783 1009 822 est
1032 779 1251 833 Doeringii
1284 780 1540 835 coniectura
1554 795 1565 829 ;
1603 783 1670 822 est

175 860 296 904 enim
338 860 561 902 sententia
601 859 705 902 talis
746 860 862 902 fere:
909 858 1072 900 «Nemo
1119 857 1282 900 audeat
1320 859 1462 900 invito
1508 858 1670 900 Amore

175 937 412 987 discedere,
441 940 529 987 aut,
557 937 596 979 si
621 939 773 979 tamen
811 935 1002 984 audebit,
1046 934 1209 987 damno
1249 948 1328 977 suo
1369 935 1524 977 doetus
1563 936 1672 978 sciet

175 1027 223 1057 se
248 1014 514 1069 prohibente
538 1013 621 1056 deo
648 1025 874 1067 egressum
901 1026 1034 1055 esse.»
1066 1037 1123 1041 —-
1150 1013 1219 1055 25.
1247 1011 1390 1055 dum:
1416 1011 1482 1061 G;
1504 1010 1673 1055 deum:

175 1092 225 1135 A.
251 1118 309 1122 —
336 1093 405 1134 37.
431 1089 782 1135 conscenderat:
805 1090 871 1140 D;
893 1091 1257 1146 contempserat:
1277 1090 1326 1131 A.
1348 1089 1672 1132 Praeferendam

178 1182 275 1222 esse
313 1169 515 1211 codicum
550 1168 820 1211 deteriorum
860 1168 1099 1210 lectionem
1140 1166 1300 1219 docent
1339 1167 1426 1209 loci
1467 1167 1672 1222 paralleli

177 1259 313 1301 supra
351 1246 400 1288 in
440 1245 541 1288 adn.
584 1259 704 1299 exeg.
746 1245 886 1287 allati.
927 1270 985 1274 —-
1027 1246 1096 1288 38.
1143 1245 1289 1288 ventis
1306 1259 1322 1287 .·
1368 1244 1432 1295 G;
1479 1245 1674 1288 veteris:

175 1324 225 1369 A.
252 1348 310 1352 —
336 1324 406 1366 50.
432 1324 614 1378 repente
639 1335 794 1364 rasura
818 1324 1042 1364 mutatum
1067 1322 1116 1364 in
1141 1323 1345 1377 reperte:
1381 1323 1417 1363 A
1431 1337 1442 1371 ;
1482 1321 1558 1376 sed
1596 1336 1671 1377 op-

176 1401 288 1444 tima
312 1404 380 1443 est
403 1401 549 1455 prima
573 1401 717 1458 lectio,
745 1404 795 1443 ut
821 1413 956 1455 supra
981 1401 1030 1442 in
1059 1398 1156 1442 adn.
1183 1412 1301 1452 exeg.
1325 1399 1381 1440 ad
1403 1399 1446 1440 h.
1469 1399 1499 1441 l.
1522 1399 1672 1453 doc-ui-

174 1491 288 1522 mus.
316 1503 374 1507 —
400 1479 470 1521 69.
505 1475 746 1533 Tisiphone
762 1491 780 1519 .·
799 1476 865 1526 D;
895 1475 1177 1532 Tesiphone:
1196 1476 1246 1517 A.
1270 1501 1328 1504 —
1350 1476 1420 1518 86.
1444 1475 1548 1518 cola
1563 1489 1580 1517 .·
1600 1475 1673 1530 M;

176 1555 307 1599 eolo:
331 1554 415 1597 AP.
442 1579 500 1583 —
527 1555 596 1597 87.
624 1557 704 1597 at:
728 1554 786 1604 P;
813 1566 899 1597 ac:
923 1554 972 1595 A.
999 1577 1059 1582 -—
1084 1554 1154 1595 91.
1183 1554 1320 1595 tune:
1347 1551 1411 1602 G;
1438 1565 1593 1595 nunc:
1623 1552 1672 1594 A.

236 1633 271 1675 L
303 1634 339 1675 1.
366 1657 425 1661 ——-
457 1634 496 1674 2.
535 1631 716 1674 multa:
748 1630 829 1672 PM
855 1630 1058 1672 Diomed.
1096 1643 1139 1684 p.
1178 1630 1269 1672 484
1303 1629 1431 1678 Kei13
1469 1642 1672 1686 magna:

176 1710 227 1752 A.
251 1735 308 1739 —-
331 1712 371 1752 5.
394 1708 490 1752 vita
505 1722 522 1751 .·
542 1707 648 1758 PM;
670 1707 758 1752 vite
773 1721 790 1749 .·
810 1708 859 1749 A.
877 1732 936 1736 —
961 1708 1027 1750 14.
1042 1705 1129 1749 deo
1146 1719 1162 1747 .·
1183 1705 1248 1755 D;
1271 1704 1407 1748 deum
1423 1719 1440 1748 .·
1460 1707 1510 1748 A.
1527 1731 1586 1735 ——
1604 1708 1674 1749 24.

180 1786 344 1830 clamet
360 1799 376 1827 .·
402 1784 466 1835 G;
493 1784 692 1828 elamat:
716 1786 765 1826 A.
795 1809 850 1812 —
877 1785 946 1826 25.
976 1781 1047 1825 hic
1072 1780 1208 1825 modo
1233 1781 1333 1824 iam
1350 1782 1562 1838 possim:
1594 1796 1675 1837 ego

179 1863 350 1906 conieci
365 1877 375 1912 ;
403 1862 568 1919 quippe
593 1874 673 1918 eqo
699 1861 796 1904 iam
817 1873 1040 1918 possum:
1065 1860 1123 1910 P;
1149 1860 1245 1903 iam
1270 1858 1405 1903 modo
1431 1860 1528 1903 iam
1560 1873 1674 1916 pos-

181 1940 303 1984 sim:
327 1939 399 1989 M;
428 1939 522 1982 iarn
548 1937 683 1982 modo
720 1950 813 1981 non
849 1950 1071 1994 possum:
1107 1938 1156 1979 A.
1195 1937 1355 1980 Veram
1396 1950 1491 1978 esse
1529 1950 1676 1979 meam

180 2018 483 2060 coniecturam
509 2016 638 2058 docet
662 2017 780 2058 infra
804 2030 867 2058 vs.
897 2018 977 2059 35:
1010 2013 1124 2058 «Hic
1148 2018 1223 2068 (sc.
1251 2017 1299 2057 in
1325 2029 1430 2069 agro
1456 2021 1572 2059 meo)
1595 2028 1675 2070 ego

179 2097 492 2150 pastoremque
519 2107 669 2135 meum
690 2094 878 2136 lustrare
902 2093 1184 2148 quotannis»,
1203 2093 1280 2135 ubi
1301 2093 1569 2147 interpretes
1591 2094 1676 2135 huc

182 2185 323 2226 usque
349 2171 607 2213 adverbium
633 2169 705 2213 hic
730 2183 823 2212 non
847 2174 1090 2225 potuerunt
1117 2170 1347 2225 explicare,
1376 2171 1480 2226 quia
1518 2170 1679 2212 excidit

181 2248 436 2304 praecedens
463 2247 534 2290 hic
560 2261 622 2289 vs.
652 2249 720 2290 25.
749 2247 813 2290 cf.
840 2247 941 2289 adn.
968 2261 1088 2302 exeg.
1116 2247 1171 2290 ad
1198 2248 1241 2290 h.
1268 2247 1297 2289 l.
1324 2271 1381 2275 —
1409 2248 1477 2289 29.
1514 2245 1675 2290 biden-

185 2328 271 2369 tem
287 2339 304 2368 .·
327 2325 386 2375 P;
415 2324 643 2368 bidentes:
667 2324 729 2373 V;
758 2322 990 2367 ludentes:
1013 2324 1063 2366 A.
1090 2349 1146 2352 —
1175 2325 1243 2366 37.
1270 2335 1351 2366 nec
1368 2337 1384 2365 .·
1405 2323 1463 2373 P;
1486 2336 1606 2366 neu:
1627 2324 1677 2366 A.

184 2415 239 2445 e:
277 2401 336 2451 P;
375 2402 447 2444 et:
483 2402 532 2443 A.
571 2426 626 2430 —
666 2401 736 2443 43.
775 2400 889 2443 satis
926 2403 993 2444 est
1031 2402 1160 2444 tuto:
1201 2413 1281 2455 ego
1323 2399 1519 2450 conieei;
1562 2399 1677 2443 satis

182 2480 250 2538 est
275 2490 401 2521 uno:
426 2478 484 2527 P;
522 2478 634 2522 satis
662 2478 742 2531 est,
767 2477 883 2521 satis
919 2480 1017 2521 est:
1053 2479 1102 2520 A.
1142 2476 1275 2532 Origo
1315 2477 1573 2531 corruptelae
1613 2480 1679 2519 est

183 2554 533 2610 haplographia:
560 2557 628 2597 est
651 2556 748 2597 tuto
774 2578 834 2583 —
858 2557 928 2596 est
951 2557 1028 2597 uto
1055 2579 1114 2583 -
1139 2558 1208 2596 est
1231 2566 1337 2595 uno.
1363 2553 1417 2595 In
1439 2554 1677 2608 archetypo

182 2631 467 2674 Ambrosiani
491 2634 606 2673 certe
645 2632 730 2673 fuit
764 2631 939 2681 lacuna,
979 2644 1113 2686 quam
1149 2630 1321 2673 librarii
1359 2630 1679 2685 suppleverunt

184 2708 264 2773 bis¹
292 2708 501 2764 ponendo
542 2708 658 2751 satis
699 2710 774 2751 est.
813 2707 1018 2751 Ceterum
1056 2709 1110 2750 of.
1150 2721 1285 2762 supra
1326 2707 1426 2749 adn.
1467 2719 1584 2759 exeg.
1623 2705 1678 2765 ad

1467 2789 1535 2822 ⁶20*
