1942 3132
776 250 835 280 m
854 251 886 280 1.
909 249 945 287 4,
969 249 1138 280 57—66.
1672 237 1718 273 77

195 369 315 412 dicet
339 385 349 419 ;
375 369 623 424 Pugnando
649 369 771 412 vinci
798 382 846 412 se
876 372 1029 411 tamen
1055 368 1136 410 illa
1162 369 1325 411 volet».
1356 393 1412 398 —
1439 372 1551 426 apta
1577 368 1710 414 dabit

194 448 270 497 ita,
298 451 349 489 ut
373 446 494 489 labia
519 446 823 489 osculantium
862 448 965 500 apte
988 445 1270 495 cohaereant;
1309 447 1362 487 cf.
1393 446 1469 489 Ov.
1499 447 1604 489 Her.
1639 450 1708 501 15,

200 525 460 567 129—130:
509 524 697 568 «Oscula
733 536 970 578 cognosco,
1011 536 1108 577 quae
1147 525 1197 564 tu
1234 524 1515 566 committere
1542 525 1708 579 linguae

194 603 396 656 Aptaque
423 615 632 645 cosueras
658 602 872 656 accipere,
901 603 1007 654 apta
1033 600 1183 642 dare».

254 678 304 721 V.
333 680 524 722 57—60.
553 680 676 723 artes
702 678 911 729 miseras,
940 677 1247 727 miserabiles;
1276 691 1348 720 ars
1375 679 1496 721 enim
1525 679 1706 721 amandi

194 755 465 798 miserabilis
492 756 611 798 facta
636 759 704 797 est
719 757 904 809 propter
926 754 1077 796 saecuh'
1095 755 1346 796 avaritiam.
1375 779 1434 783 ——
1460 753 1519 797 At
1539 758 1601 808 lu,
1624 755 1707 811 qui

203 831 421 876 Venerem
458 831 656 876 docuisti
695 830 892 874 vendere
927 831 1128 887 primus,
1173 830 1394 888 Quisquis
1437 845 1501 884 es,
1538 832 1710 889 inseliae

194 913 360 966 uryeat
382 922 491 953 ossa
518 909 648 966 lapis,
677 910 731 951 cf.
761 908 986 952 Stratonis
1018 909 1298 964 epigramma
1323 909 1457 951 Anth.
1487 910 1578 951 Pal.
1609 909 1713 952 XII.

195 988 295 1035 ⁹212,
324 989 454 1030 5—6.
483 987 540 1030 ad
565 1000 755 1041 puerum
780 990 1009 1029 amatum:
1035 985 1147 1029 Ἀλλ’
1173 986 1256 1044 ἤδη
1282 990 1384 1042 πρὸς
1411 987 1561 1042 κέρδος
1588 987 1708 1045 ἔχεις

194 1067 363 1121 φρένας,
391 1065 448 1112 ὣς
474 1062 498 1108 ὁ
524 1063 694 1112 διδάξας
722 1062 939 1106 Τεθνάτω.
965 1088 1026 1093 -
1050 1062 1282 1113 Venerem,
1311 1077 1524 1106 amorem.
1554 1089 1611 1093 —
1637 1066 1705 1109 in—

193 1141 311 1197 felioe
346 1145 511 1199 uryeat
549 1154 656 1186 ossa
695 1141 834 1198 lapis,
872 1142 931 1184 sit
956 1142 1038 1184 tibi
1077 1143 1196 1197 lapis
1235 1143 1500 1197 sepulcralis
1532 1144 1680 1197 gravis
1696 1159 1706 1193 ;

194 1222 299 1273 apta
325 1222 394 1261 est
418 1220 503 1262 hoc
528 1219 627 1262 loco
652 1219 758 1262 talis
785 1220 1042 1269 exsecratio,
1070 1233 1177 1262 nam
1205 1221 1379 1275 antiqui
1405 1221 1597 1262 mortuis
1623 1220 1711 1262 sibi

193 1297 307 1339 caris
354 1300 508 1352 optare
549 1297 757 1339 solebant
820 1301 864 1340 et
910 1299 1055 1353 cippis
1113 1299 1250 1340 etiam
1287 1299 1557 1341 inscribere:
1615 1297 1708 1341 «Sit

192 1374 275 1416 tibi
312 1377 433 1416 terra
468 1374 622 1416 levisu.
676 1373 740 1417 Cf.
768 1375 900 1430 Prop.
928 1375 1001 1417 IV.
1043 1378 1083 1425 5,
1125 1377 1333 1418 73—74:
1378 1374 1472 1419 «Sit
1504 1376 1708 1419 tumulus

192 1452 307 1493 lenae
345 1454 471 1495 curto
508 1456 636 1495 vetus
673 1453 895 1507 amphora
933 1454 1064 1499 collo.
1105 1454 1273 1509 Urgeat
1315 1455 1434 1497 hunc
1463 1469 1598 1510 supra
1622 1456 1704 1505 vis,

187 1516 405 1584 caprifice,
449 1531 580 1572 tuae».
609 1554 669 1559 —
694 1530 865 1586 infelioe
904 1530 1041 1586 lapis,
1081 1533 1240 1587 cippus
1276 1533 1554 1587 sepulcralis,
1596 1533 1703 1587 quia

185 1605 396 1648 Manibus
423 1608 519 1648 erat
544 1608 758 1655 sacratus,
786 1610 837 1649 ut
864 1608 1000 1650 etiam
1028 1608 1209 1651 arbores
1236 1608 1305 1650 dis
1331 1609 1490 1650 inferis
1518 1611 1701 1651 sacratae

185 1682 391 1724 infelices
429 1682 776 1737 appellabantur
813 1687 928 1726 teste
961 1683 1155 1727 Macrob.
1192 1683 1371 1727 Saturn.
1412 1684 1491 1726 ΠΙ.
1538 1686 1607 1734 20,
1650 1687 1704 1726 3:

193 1758 474 1813 «Tarquitius
500 1763 651 1802 autem
677 1760 855 1804 Priscus
888 1762 938 1803 in
965 1761 1221 1804 Ostentario
1254 1762 1495 1804 Arborario
1524 1762 1586 1803 sic
1614 1762 1704 1804 ait:

188 1834 382 1886 arbores,
425 1850 522 1891 quae
563 1837 813 1880 inferorum
851 1838 1038 1882 deorum
1072 1840 1458 1893 avertentiumque
1485 1840 1534 1880 in
1561 1840 1703 1881 tutela

188 1916 306 1962 sunt,
334 1926 412 1955 eos
437 1913 642 1957 infelices
668 1916 955 1957 nominant».

248 1989 297 2031 V.
328 1991 517 2032 61—66.
559 1989 788 2044 Pievidas,
830 1991 998 2040 Musas,
1040 2006 1229 2047 quarum
1266 1993 1412 2047 patria
1451 1996 1546 2035 erat
1584 1996 1703 2036 terra

186 2067 334 2109 Pieria
358 2067 407 2109 in
441 2066 706 2110 Macedonia
747 2069 829 2111 sub
867 2072 1022 2111 monte
1065 2068 1258 2124 Olympo
1274 2085 1285 2120 ;
1325 2072 1378 2112 cf.
1420 2070 1591 2112 Phaedr.
1620 2070 1700 2113 ΠΙ.

187 2145 299 2199 prol.
335 2145 534 2187 17—19:
579 2144 710 2200 -Ego‚
739 2159 872 2200 quem
899 2146 1046 2189 Pierio
1083 2150 1227 2189 mater
1253 2148 1384 2190 enixa
1410 2152 1478 2190 est
1504 2149 1622 2202 iugo,
1649 2149 1705 2191 In

188 2217 277 2277 quo
302 2222 481 2265 tonanti
507 2225 663 2264 sancta
684 2222 981 2278 Mnemosyne
998 2224 1093 2266 Iovi
1115 2225 1328 2268 Fecunda
1354 2226 1510 2268 novies
1537 2226 1703 2268 artium

187 2300 363 2354 peperit
387 2300 618 2342 chorum».
647 2324 706 2329 —
738 2299 895 2344 doctos
917 2333 927 2342 .
952 2333 963 2343 .
986 2333 997 2343 .
1032 2305 1211 2358 poetas,
1251 2306 1301 2345 ut
1340 2302 1491 2346 Graece
1530 2306 1698 2360 σοφούς.

186 2376 355 2419 Doctus
381 2377 546 2419 dicitur
570 2376 745 2427 Latine,
773 2378 976 2433 quisquis
1003 2379 1112 2422 artis
1138 2393 1230 2422 suae
1256 2381 1428 2435 peritus
1455 2383 1548 2431 est;
1571 2395 1702 2424 orna·
1737 2364 1744 2373 ,

186 2453 351 2496 bantur
377 2454 460 2498 hoc
489 2454 689 2509 epitheto
715 2456 938 2510 praecipue
964 2459 1122 2511 poetae,
1151 2470 1287 2511 quare
1325 2458 1463 2500 etiam
1503 2457 1702 2514 Sulpicia

187 2532 361 2586 poetria
387 2532 505 2574 infra
525 2531 598 2573 IV.
619 2533 659 2581 6,
689 2533 742 2574 2:
775 2532 930 2576 «docta
954 2534 1131 2589 puella»
1163 2535 1428 2591 appellatur.
1458 2561 1516 2566 —
1542 2536 1701 2579 Aurea

186 2622 269 2652 nee
305 2611 519 2665 superent
556 2621 754 2653 munera
791 2608 1022 2666 Rev-idas,
1060 2613 1208 2655 locum
1249 2615 1496 2669 saepissime
1539 2618 1699 2656 tractat

188 2686 387 2738 Ovidius,
417 2701 453 2729 e.
480 2700 520 2741 g.
540 2688 589 2728 A.
610 2688 658 2729 Α.
678 2687 757 2729 ΙΙΙ.
786 2689 1051 2733 547—548:
1080 2690 1292 2733 «Vatibus
1313 2693 1528 2734 Ausoniis
1546 2692 1698 2732 faciles

190 2766 343 2815 estote,
383 2765 558 2819 puellae.
601 2765 779 2806 Numen
815 2764 936 2808 inest
972 2767 1077 2810 illis.
1118 2767 1403 2823 Pieridesque
1441 2771 1616 2810 favent»
1655 2771 1699 2809 et
