1942 3132
251 246 296 279 12
698 251 700 254 '
952 262 983 289 1.
1006 260 1040 290 8.

967 436 1022 477 II.

312 528 412 569 Non
439 542 518 582 ego
546 529 680 570 celari
705 543 900 583 possum,
931 530 1036 583 quid
1063 533 1202 571 nutus
1231 531 1421 572 amantis
1666 530 1695 565 I·
1715 530 1747 567 8-

374 605 542 657 Quidve
568 606 713 648 ferant
738 607 835 648 miti
863 607 983 648 lenia
1007 607 1139 648 verba
1166 621 1288 648 sono.

311 682 399 723 Nec
424 682 538 723 mihi
564 685 667 724 sunt
695 685 834 724 sortes
861 696 941 724 nec
969 687 1147 724 conscia
1174 682 1283 724 fibra
1309 683 1504 731 deorum,

371 758 578 799 Praecinit
605 760 787 800 eventus
814 772 895 799 nec
928 759 1041 800 mihi
1068 762 1226 800 cantus
1254 759 1374 800 avis:

212 857 235 880 5
311 834 415 887 Ipsa
439 834 590 876 Venus
615 835 787 887 magico
815 835 1050 888 religatum
1076 835 1284 876 bracchia
1310 835 1428 875 nodo

369 911 601 953 Perdocuit-
626 912 779 952 multis
806 925 899 952 non
925 913 1022 953 sine
1047 913 1314 954 verberibus.

310 988 475 1031 Desine
501 988 808 1030 dissimulare:
836 988 943 1030 deus
970 989 1192 1030 crudelius
1219 990 1319 1038 urit,

371 1067 490 1118 Quos
515 1066 636 1108 videt
660 1066 824 1108 invitos
852 1066 1136 1108 succubuisse
1163 1066 1260 1107 sibi.

311 1142 426 1194 Quid
451 1142 532 1184 tibi
557 1156 676 1183 nunc
703 1142 861 1184 molles
886 1142 1068 1196 prodest
1094 1142 1284 1183 coluisse
1311 1142 1496 1195 capillos

193 1241 235 1264 ιο
371 1217 582 1272 Saepeque
608 1221 802 1260 mutatas
830 1218 1102 1271 disposuisse
1129 1232 1291 1266 comas,

314 1295 429 1347 Quid
455 1296 554 1336 fuco
583 1295 844 1349 splendente
870 1308 1008 1348 genas
1036 1309 1205 1344 orna-re,
1237 1296 1341 1348 quid
1368 1309 1539 1348 ungues

368 1371 559 1414 Artificis
586 1372 715 1413 docta
731 1373 1017 1425 ‘subsecuisse
1043 1376 1213 1414 manu?

309 1449 491 1490 Frustra
518 1450 609 1490 iam
634 1452 790 1498 vestes,
820 1450 983 1491 frus'ura
1009 1453 1241 1491 mutantur
1269 1451 1455 1491 amictus

369 1527 577 1580 Ansaque
604 1540 882 1580 compressos
908 1527 1089 1580 colligar
1114 1529 1207 1568 arta
1235 1527 1380 1581 pedes.

194 1625 233 1648 15
311 1602 395 1644 Illa
419 1603 577 1656 placei,
607 1604 806 1657 quamvis
833 1604 1001 1645 inculto
1027 1605 1200 1645 venerit
1226 1618 1301 1646 ore

369 1679 407 1720 N
412 1692 459 1720 ec
485 1679 678 1720 nibidum
705 1679 830 1720 tarda
857 1681 1097 1733 compserit
1123 1683 1217 1721 arte
1244 1683 1386 1733 capula.

310 1756 426 1797 Num
453 1759 497 1798 te
524 1757 808 1805 carminibus,
837 1770 947 1798 num
973 1760 1017 1798 te
1043 1757 1315 1810 pallentibus
1342 1756 1490 1798 herbis

370 1834 558 1875 Devovit
582 1834 718 1875 tacito
743 1836 942 1887 tempore
970 1835 1113 1876 noctis
1141 1837 1286 1875 anus?

312 1908 479 1951 Cantus
505 1909 664 1950 vicinis
691 1910 839 1962 fruges
866 1910 1058 1951 ‘oraducit
1084 1910 1137 1951 ab
1165 1910 1293 1963 agris,

196 2008 235 2032 20
355 1985 539 2027 *Cantus
567 1988 610 2025 et
636 1986 757 2026 iratae
785 1985 954 2026 detinet
982 1986 1141 2038 anguis
1167 1987 1265 2036 iter,

312 2061 480 2103 Cantus
508 2066 551 2103 et
577 2076 599 2102 e
627 2076 757 2104 curru
784 2063 958 2104 Lunam
988 2063 1201 2105 deducere
1226 2064 1427 2117 temptat,

370 2141 426 2182 Et
452 2141 626 2187 faceret,
656 2143 691 2182 si
720 2155 812 2182 non
839 2156 926 2182 aera
954 2141 1130 2194 repulsa
1156 2142 1330 2181 sonem.

313 2216 429 2267 Quid
456 2230 614 2270 queror
639 2218 727 2259 heu
759 2218 922 2259 misero
957 2230 1135 2258 carmen
1167 2215 1383 2263 nocuisse,
1418 2213 1523 2267 quid
1556 2213 1748 2254 hei-bas?

370 2293 532 2333 Forma
558 2293 672 2349 nihil
699 2294 882 2345 magicis
908 2293 1048 2333 utitur
1074 2291 1275 2332 auxiliis:

194 2390 235 2414 ⁴25
313 2368 398 2410 Sed
424 2382 584 2421 eorpus
611 2370 807 2421 tetigisse
835 2373 976 2411 nocet.
1007 2367 1084 2410 sed
1110 2368 1244 2420 longa
1268 2366 1441 2407 dedisse

372 2445 545 2494 Oscula,
575 2445 651 2486 sed
678 2445 836 2485 femori
862 2444 1140 2485 conseruisse
1166 2444 1320 2484 femur.

311 2521 349 2562 N
354 2535 400 2562 ec
425 2523 475 2562 iau
501 2519 692 2562 difficilis
720 2533 856 2573 puero
885 2523 1035 2560 tamen
1063 2532 1158 2560 esse
1183 2521 1433 2560 memen‘no:

372 2597 656 2651 Persequitur
681 2597 824 2649 poenis
851 2596 996 2636 tristia
1024 2596 1139 2636 facta
1164 2594 1325 2636 Venus.

311 2676 499 2717 Munera
524 2687 580 2715 ne
606 2686 787 2727 poscas:
813 2672 887 2712 det
914 2684 1100 2712 munera
1127 2683 1262 2712 canus
1291 2672 1473 2721 amator,

194 2773 239 2798 230
373 2752 433 2795 Ut
458 2752 608 2793 foveas
633 2749 759 2791 molli
786 2748 945 2801 frigida
971 2747 1170 2788 membra
1197 2748 1310 2790 sinu,
