1942 3132
749 226 808 257 u>
826 224 876 255 11.
900 222 935 263 1,
949 221 1123 255 ,δι-54.
1625 206 1701 245 2οὖ

196 349 360 393 exarsit
384 347 526 391 sidere
558 345 736 388 limus».
764 366 823 372 —
849 339 1047 397 Deponit
1070 341 1219 397 flavas
1241 372 1252 383 .
1277 372 1287 381 .
1311 372 1321 382 .
1365 342 1487 383 terra
1524 351 1692 390 comas,

195 427 341 481 spicas
365 427 577 473 maturas,
603 423 654 464 ut
678 418 757 462 Ov.
783 418 883 462 Am.
912 417 992 462 m.
1026 418 1091 468 10,
1125 417 1323 459 11—42:
1368 416 1539 458 «Prima
1565 417 1699 460 Ceres

195 503 348 545 docuit
370 504 619 555 turgescere
645 510 801 540 semen
828 496 878 538 in
903 495 1022 549 agris
1046 494 1179 537 Falce
1205 494 1427 537 coloratas
1452 494 1695 537 subsecuit-

197 592 282 634 que
319 590 510 621 comas».
538 575 602 619 Cf.
628 573 759 628 Prop.
787 573 843 615 IL
885 573 950 623 19,
995 573 1075 615 12:
1107 571 1188 613 «Et
1210 571 1348 613 vitem
1374 570 1505 613 docta.
1529 584 1698 626 ponere

195 655 309 698 fslce
321 666 513 697 comas».
530 676 588 682 —
600 663 775 701 annua,
795 650 1038 706 quotannis
1054 664 1064 699 ;
1093 648 1362 692 adjectivum
1374 661 1456 703 pro
1471 648 1693 691 adverbio.

196 757 254 761 —
280 742 444 781 comas,
474 730 529 772 de
555 728 705 783 spicis,
733 730 786 769 ut
808 727 936 781 Prop.
960 725 1031 769 IV.
1061 728 1101 773 2,
1134 727 1212 768 14:
1245 725 1325 767 «Et
1360 738 1487 767 coma
1512 726 1698 767 lactenti

197 810 345 864 spicea
369 809 494 863 fruge
515 809 699 850 tum0t».
718 830 777 835 -
796 804 903 848 levis
927 816 1064 847 verno
1081 804 1216 860 flores
1243 803 1344 859 apis
1360 802 1527 859 ingerit
1554 803 1696 857 alveo,

199 885 433 942 Compleat
456 888 508 929 ut
533 884 659 928 dulci
700 882 862 928 sedula
886 881 1017 927 melle
1055 881 1199 938 favos,
1240 883 1374 935 poeta
1414 883 1517 922 ante
1544 879 1701 922 oculos

197 963 353 1006 habuit
376 962 501 1017 Verg.
532 961 608 1004 Ge.
638 961 710 1005 IV.
755 962 945 1004 51—55.
974 959 1027 1001 de
1055 958 1240 1013 apibus:
1273 958 1375 1000 «ubi
1399 957 1577 1012 pulsam
1603 957 1698 999 hie-

196 1053 316 1082 mem
340 1039 410 1083 sol
430 1052 592 1081 aureus
622 1039 713 1093 egit
739 1037 830 1081 Sub
867 1040 1010 1080 terras
1049 1036 1294 1090 caelumque
1320 1034 1474 1076 aestiva
1498 1034 1597 1076 luce
1630 1047 1698 1075 re-

197 1116 339 1166 clusit,
356 1115 451 1159 111ae
468 1117 687 1159 continuo
706 1116 847 1158 saltus
865 1115 1089 1170 silvasque
1105 1115 1344 1169 peragrant
1358 1113 1700 1167 Purpureosque

196 1194 371 1236 metunt
405 1194 538 1250 flores
576 1196 621 1235 et
649 1192 840 1236 flumina
875 1192 1021 1235 libant
1058 1191 1244 1234 Summa
1281 1190 1437 1234 leves».
1477 1214 1536 1218 —
1576 1188 1699 1238 levis,

196 1275 378 1327 propter
402 1271 546 1314 levem
563 1272 776 1314 volatum.
804 1293 865 1300 —
890 1282 1026 1313 verno
1048 1302 1058 1311 .
1083 1302 1093 1311 .
1118 1302 1128 1311 .
1157 1267 1323 1324 inyem't
1350 1267 1492 1316 alveo,
1517 1266 1699 1308 adiecti-

196 1362 301 1391 vum
338 1361 419 1402 pro
453 1348 695 1391 adverbio:
734 1362 834 1390 vere
872 1347 1037 1401 ingerit
1072 1347 1215 1389 alveo.
1255 1347 1306 1387 ut
1346 1358 1479 1398 supra
1512 1357 1572 1386 vs.
1613 1344 1699 1386 48:

203 1439 420 1468 tannua».
459 1427 591 1481 Apes.
632 1428 683 1468 ut
719 1425 889 1469 Colum.
930 1425 1005 1468 IX.
1051 1427 1114 1467 14.
1156 1425 1296 1467 docet.
1339 1423 1393 1465 ab
1431 1422 1700 1478 aequinoctio

197 1516 333 1545 verno
358 1503 615 1546 mellificare
640 1503 875 1558 incipiunt.
903 1528 961 1532 ——
986 1502 1119 1559 flores
1139 1535 1149 1545 .
1174 1535 1184 1544 .
1209 1535 1219 1544 .
1247 1500 1429 1557 ingerit.
1458 1499 1699 1542 credebant

198 1578 370 1635 antiqui
395 1581 638 1636 particulas
674 1580 837 1624 fiotum
875 1583 920 1622 et
944 1580 1156 1623 foliorum
1184 1580 1238 1621 ab
1265 1579 1423 1633 apibus
1449 1577 1626 1631 decerpi
1653 1572 1727 1619 et'

197 1659 247 1701 in
273 1658 449 1701 alveum
474 1659 757 1713 comportari,
775 1661 826 1700 ut
842 1658 978 1700 mella.
994 1658 1101 1700 caelo
1119 1658 1166 1698 in
1182 1656 1366 1699 modum
1384 1655 1495 1697 roris
1513 1654 1699 1709 delapsa

197 1736 267 1788 (cf.
296 1749 430 1789 supra
456 1735 555 1779 adn.
585 1735 641 1777 ad
665 1736 698 1778 I.
741 1737 779 1786 3,
807 1737 892 1778 45:
924 1735 1061 1789 «Ipsae
1100 1734 1235 1776 mella
1260 1733 1427 1775 dabant
1464 1734 1700 1786 quercus»)

199 1813 303 1856 inde
330 1812 561 1855 sorberent
582 1816 626 1855 et
650 1813 699 1855 in
723 1812 915 1855 utriculo
934 1826 1015 1854 suo
1033 1814 1239 1854 concreta
1255 1824 1407 1853 rursus
1426 1815 1695 1853 evomerent.

200 1890 262 1934 Cf.
290 1890 418 1944 Verg.
439 1890 515 1934 Ge.
534 1890 605 1932 IV.
634 1891 716 1933 54:
749 1889 1110 1944 «Purpureosque
1126 1891 1302 1931 metunt
1316 1887 1473 1930 flores»
1493 1902 1504 1937 3
1523 1885 1695 1930 colum.

199 1966 274 2010 IX.
310 1968 387 2009 14:
415 1966 625 2008 «idoneos
638 1966 883 2019 decerpunt
894 1964 1027 2007 flores
1050 1969 1181 2019 atque
1207 1965 1326 2006 intra
1351 1966 1468 2006 tecta
1493 1977 1697 2018 compor-

200 2047 355 2094 tant»;
396 2043 508 2086 Plin.
536 2043 587 2085 N.
615 2043 672 2087 Η.
701 2042 775 2086 ΧΙ.
805 2044 888 2085 2οε
920 2042 1056 2085 «Cum
1082 2055 1245 2096 agmen
1269 2041 1455 2095 (apium)
1482 2039 1536 2082 ad
1563 2053 1701 2095 opera

199 2121 426 2176 processit,
468 2120 566 2162 sliae
602 2119 736 2163 fiores
774 2119 991 2174 adgerunt
1027 2118 1256 2174 pedibus»,
1296 2118 1400 2160 ibid.
1443 2120 1524 2161 31:
1569 2118 1701 2170 «(Ros

200 2198 404 2249 caelestis)
441 2211 464 2239 e
505 2197 659 2239 fronde
701 2210 751 2239 sc
787 2196 965 2250 pabulis
990 2198 1136 2250 *potus
1172 2197 1245 2247 (sc.
1287 2195 1342 2237 ab
1380 2195 1555 2250 apibus)
1582 2196 1699 2238 etin

201 2275 392 2317 utriculo
430 2278 668 2329 congestus
709 2275 862 2329 apium
887 2299 946 2303 --
973 2287 1048 2316 ore
1087 2274 1209 2316 enim
1234 2275 1422 2315 vomunt
1447 2297 1505 2301 —
1534 2272 1589 2314 ad
1616 2273 1699 2315 hoc

202 2365 307 2395 suco
332 2351 495 2395 florum
521 2355 754 2407 corruptus
774 2384 786 2394 .
809 2384 820 2395 .
843 2384 855 2394 .
889 2364 1097 2406 magnam
1123 2353 1275 2393 tamen
1314 2350 1502 2392 caelestis
1529 2353 1701 2392 naturae

201 2429 477 2484 voluptatem
518 2428 716 2479 adfert-3
751 2428 855 2471 ibid.
898 2429 953 2471 32
969 2444 980 2471 ε
1027 2428 1255 2470 «sorbetur
1291 2429 1397 2481 (mel
1432 2429 1486 2470 ab
1525 2428 1703 2483 apibus)

203 2506 423 2561 optimum
449 2507 494 2547 et
517 2505 705 2547 minime
742 2504 899 2548 fronde
925 2506 1141 2548 infectum
1168 2519 1190 2547 e
1222 2518 1425 2561 quercus,
1459 2505 1591 2554 tibiae,
1621 2506 1699 2547 ha·

204 2584 446 2627 rundinum
473 2583 636 2626 foliis».
665 2609 723 2612 —-
750 2582 890 2634 alveo,
915 2582 1013 2626 duae
1036 2583 1246 2637 syllabae3
1273 2583 1503 2637 synizesis.

234 2678 236 2680 ·
261 2660 310 2704 V.
340 2662 529 2704 51—54.
559 2659 752 2704 adsiduo
774 2693 784 2703 .
808 2693 818 2703 .
842 2693 854 2704 .
881 2660 1080 2704 satiatus
1118 2662 1290 2711 aratro,
1331 2659 1510 2701 assiduo
1550 2659 1702 2701 labore

205 2737 356 2781 arandi
400 2737 683 2792 defatigatus,
726 2737 858 2780 taedio
895 2737 1061 2780 laboris
1088 2741 1257 2792 captus,
1287 2741 1338 2779 ut
1363 2735 1438 2779 Ov.
1468 2736 1572 2778 Met.
1602 2735 1698 2776 VII.
