1942 3132
670 769 1209 823 AMBARVALIA.

741 991 832 1033 Lib.
859 991 914 1031 11.
944 990 1056 1041 eleg.
1088 992 1124 1030 1.

251 1135 623 1182 1ntroductio.
649 1134 863 1183 Tibullus,
893 1147 1048 1188 agrum
1075 1146 1176 1175 sum
1202 1134 1486 1185 lustraturus,
1513 1148 1687 1177 sacrum

196 1217 447 1260 ambarvale
463 1215 621 1258 indicit
636 1214 828 1266 (1—14).
847 1211 1104 1267 Immolatio
1121 1212 1291 1262 hostiae,
1309 1225 1462 1266 preces
1480 1212 1534 1254 ad
1552 1212 1688 1254 Lares

190 1294 411 1348 (15—26).
441 1278 695 1348 sequuntur
722 1290 876 1346 epulae,
904 1290 1022 1332 inter
1037 1302 1148 1344 quas
1163 1293 1298 1343 poeta
1322 1289 1478 1333 laudes
1504 1290 1687 1332 deorum

196 1372 438 1426 agrestium
462 1373 723 1413 cantaturus
743 1367 1003 1411 Messallam
1030 1369 1208 1410 invocat
1231 1369 1452 1420 (27—36).
1479 1367 1688 1422 Hymnus

194 1449 244 1492 in
270 1462 346 1492 eos
370 1448 605 1501 (37—66):
632 1447 718 1489 diis
743 1445 1172 1488 ruralibusdebetur
1194 1445 1297 1488 vitae
1334 1445 1536 1488 cultioris
1573 1446 1688 1488 ratio

189 1526 401 1578 (37—50)
422 1527 465 1567 et
482 1524 647 1567 artium
662 1523 864 1565 inventio
885 1523 1106 1574 (51—66).
1122 1522 1227 1564 Post
1245 1522 1507 1576 explicatam
1525 1522 1700 1568 artium,

196 1586 415 1657 originem
442 1603 585 1645 oratio
610 1600 844 1643 deducitur
877 1599 933 1642 ad
956 1599 1167 1642 Amorem
1192 1599 1286 1641 ruri
1323 1591 1506 1642 natum:
1545 1600 1690 1654 agitur

192 1678 245 1720 de
270 1681 493 1732 potestate
519 1679 614 1721 eius
645 1677 856 1730 (67—80)
893 1678 937 1718 et
972 1676 1218 1727 invocatur,
1256 1678 1307 1717 ut
1344 1675 1534 1730 dapibus
1561 1676 1688 1717 festis

190 1754 410 1810 propitius
437 1753 553 1797 adsit
579 1753 801 1806 (81—86).
828 1752 882 1794 In
907 1751 995 1794 fine
1016 1754 1151 1806 poeta
1175 1752 1382 1794 hortatur
1406 1752 1616 1794 convivas
1634 1751 1690 1793 ad

193 1830 440 1874 ludendum
464 1830 729 1872 imminente
754 1831 883 1870 nocte
911 1829 1164 1879 (87--9Ο).ἰ

253 1907 479 1949 Lustratio
507 1917 714 1959 agrorum
740 1905 832 1945 sive
870 1903 1154 1946 Ambarvalia
1180 1917 1206 1945 a
1231 1904 1409 1945 rusticis
1447 1903 1530 1945 sub
1554 1902 1688 1945 finem

192 1985 363 2027 mensis
388 1982 568 2037 Aprilis.
596 1981 723 2023 nullo
749 1984 869 2024 certo
894 1981 979 2030 die,
998 1986 1048 2023 ut
1065 1981 1250 2031 videtur,
1277 1982 1547 2036 praescripto‚
1572 1981 1687 2023 cele-

196 2051 452 2103 bffffiifftur.
492 2058 746 2100 Pertinebat
784 2062 935 2099 autem
968 2058 1176 2100 lustratio
1217 2058 1272 2099 ad
1298 2071 1440 2111 agros,
1466 2070 1620 2111 greges
1645 2060 1690 2098 et

194 2137 413 2179 homines.
443 2135 613 2176 Hostiae
630 2138 698 2176 ter
715 2147 869 2189 agrum
887 2135 1327 2188 circumagebantur:
1353 2134 1527 2188 porcusg
1546 2131 1689 2187 agnus

194 2217 239 2257 et
261 2214 430 2257 vitulus
469 2216 546 2254 aut
582 2226 701 2255 unus
739 2225 790 2254 ex
826 2212 980 2262 tribus,
1021 2212 1180 2255 deinde
1217 2209 1581 2254 immolabantur
1603 2208 1690 2252 diis

195 2287 432 2333 ruralibus.
460 2289 664 2331 Tibullus
702 2302 816 2343 agno
854 2289 1075 2332 lustravit.
1114 2288 1225 2332 Cum
1265 2288 1561 2343 descriptione
1587 2287 1691 2329 festi

194 2368 448 2412 Tibulliana
473 2369 526 2409 ef.
556 2366 648 2410 Cat.
688 2367 754 2409 De
792 2381 882 2421 agr.
915 2368 1025 2418 141„
1059 2367 1134 2421 qui
1172 2380 1298 2410 sacra
1337 2367 1505 2408 faciens
1531 2367 1690 2420 praeter

192 2445 352 2489 Ianum
378 2448 422 2487 et
458 2445 610 2487 Iovem
645 2443 701 2486 ad
737 2443 926 2486 Martem
964 2457 1115 2499 preces
1149 2443 1324 2497 dirigit;
1365 2446 1519 2485 contra
1556 2442 1690 2496 poeta

119 2550 122 2553 -
194 2523 324 2564 initio
357 2521 569 2563 carminis
607 2519 811 2563 Cererem
850 2522 894 2562 et
929 2520 1155 2562 Bacchum
1192 2520 1370 2561 invocat
1401 2522 1502 2571 (vss.
1545 2521 1688 2572 3—4),

194 2597 353 2641 deinde
380 2611 546 2653 agnum
572 2597 814 2639 immolans
840 2596 1004 2638 Larum
1030 2599 1109 2649 (vs.
1136 2597 1205 2647 17)
1231 2595 1446 2637 auxilium
1463 2585 1687 2650 implorat.

238 2762 275 2786 -*
302 2761 357 2797 of.
382 2762 486 2797 infra
511 2762 670 2796 Excurs.
695 2760 766 2796 IX.

1481 2831 1544 2865 13*
