1942 3132
262 194 332 232 218
829 208 884 236 An
903 208 960 236 iv,
984 205 1016 244 7,
1043 205 1183 236 7—10.

262 339 367 367 vum
392 324 506 366 Dido
523 325 762 366 meditatur
793 337 1017 372 amorem:
1045 322 1312 376 Coniugium
1338 322 1492 363 vocat:
1529 321 1614 362 hoc
1639 334 1746 374 prae-

263 403 372 444 texit
396 403 577 444 nomine
603 402 793 456 culpam.
820 390 1051 454 Extemplo
1074 400 1223 452 Libyae
1239 411 1425 451 magnas
1450 398 1485 440 it
1505 398 1645 439 Fama
1669 411 1749 451 per

264 479 418 520 urbes»
452 481 558 529 etc.;
588 477 695 520 Stat.
730 476 834 520 silv.
861 478 894 520 L
932 478 970 526 92,
1007 476 1207 518 28—029:
1253 475 1424 524 «Fama,
1453 477 1574 516 tace:
1614 474 1749 516 subiit

264 556 384 609 leges
413 558 454 596 et
481 556 606 596 frena
630 553 870 596 momordit
899 554 980 595 Ille
1008 553 1179 595 solutus
1206 565 1355 593 amor:
1395 554 1657 605 consumpta
1684 552 1750 592 est

264 631 414 672 fabula
450 630 614 684 vulgi».
653 646 711 658 —,
750 629 960 672 Eoeorata
1001 629 1214 671 meis...
1258 625 1477 683 Cytherea
1521 625 1747 675 Camenis,

263 707 438 748 videtur
463 706 598 760 igitur
612 706 807 761 Sulpicia
834 704 954 763 ὕμνον
982 707 1171 762 κλητικὸν
1199 704 1254 746 ad
1278 704 1494 745 Venerem
1522 703 1749 756 scripsisse

265 797 481 838 opemque
508 783 598 824 deae
623 783 897 837 implorasse,
916 785 967 824 ut
985 782 1092 824 olim
1110 780 1288 835 Sappho
1306 779 1410 821 fecit
1435 779 1629 820 carmine
1656 778 1751 820 dul-

265 859 458 909 cissimo,
488 857 605 913 quod
629 857 759 900 nobis
784 858 966 911 Dionys.
994 857 1059 898 De
1086 870 1226 910 comp.
1255 857 1371 899 verb.
1401 870 1434 898 c.
1464 857 1531 898 23.
1561 857 1753 899 servavit

265 937 332 987 (cf.
360 935 528 988 Bergk:
555 935 675 976 Poet.
692 934 790 988 Lyr.
821 934 955 977 Graec.
983 937 1012 975 t.
1041 934 1118 975 IH.
1145 946 1187 987 p.
1217 934 1304 985 84.)
1328 957 1387 961 —
1411 932 1558 983 illum,
1587 946 1644 974 sc.
1673 932 1751 974 Ce-

266 1013 477 1053 rinthum.
528 1036 587 1040 -—
635 1009 938 1067 deposuitque,
983 1011 1031 1052 in
1079 1010 1370 1051 collocatione
1421 1010 1748 1052 coniunctionis

265 1101 351 1146 que
378 1087 575 1142 Sulpicia
596 1087 820 1129 Tibullum
848 1088 971 1141 sequi
996 1088 1193 1137 videtur3
1222 1089 1273 1130 cf.
1303 1088 1401 1130 adn.
1432 1102 1566 1142 supra
1587 1087 1642 1129 ad
1659 1087 1749 1129 Tib.

265 1165 297 1206 I.
332 1167 394 1216 110,
437 1166 518 1207 51:
563 1164 793 1206 «Rusticus
832 1180 854 1206 e
886 1166 1114 1219 lucoque».
1149 1190 1207 1193 —
1249 1164 1484 1222 Cytherea,
1522 1165 1672 1207 Venus
1698 1165 1752 1207 ab

265 1243 415 1284 insula
441 1242 745 1296 Cytherorum,
774 1243 851 1284 ubi
868 1242 949 1284 dea
974 1244 1022 1285 in
1038 1244 1152 1284 mari
1180 1246 1285 1285 nata
1310 1243 1376 1294 (cf.
1407 1242 1504 1284 adn.
1535 1255 1667 1295 supra
1684 1241 1751 1284 ad.

266 1321 298 1361 I.
329 1322 368 1370 Q,
394 1321 598 1372 39-*403
623 1321 671 1361 in
701 1320 808 1361 litus
836 1319 1032 1361 escendit
1048 1334 1057 1370 ;
1084 1320 1136 1360 cf.
1164 1318 1346 1360 Hesiod.
1386 1318 1547 1371 Theog.
1581 1319 1674 1359 195.
1712 1320 1754 1360 et

272 1398 520 1438 197—198:
570 1399 663 1453 «τὴν
705 1396 739 1436 δ’
780 1393 1019 1452 Ἀφροδίτην
1044 1426 1054 1436 .
1079 1427 1088 1435 .
1114 1427 1124 1437 .
1158 1393 1444 1451 Κικλήσκουσι
1482 1395 1576 1435 θεοί
1611 1409 1654 1436 τε
1680 1396 1752 1436 καὶ

267 1472 426 1529 ἀνέρες,
454 1471 585 1516 οὕνεκ’
606 1472 646 1515 έν
666 1471 783 1530 ἀφρῷ
811 1471 1001 1528 Θρέφθη’
1021 1469 1123 1526 ἀτὰρ
1143 1470 1391 1526 Κυθέρειαν,
1416 1468 1476 1512 ὅτι
1499 1473 1751 1526 προσέκυρσε

266 1549 501 1606 Κυθήροις.
527 1574 584 1579 -
615 1548 838 1600 Camenis,
868 1547 1150 1596 carminibus,
1185 1550 1235 1588 ut
1261 1561 1394 1600 supra
1420 1546 1509 1588 Tib.
1538 1547 1570 1588 I.
1601 1548 1638 1596 9,
1667 1548 1753 1590 48:

273 1626 543 1668 «Pieridum»
576 1627 602 1667 i.
646 1640 680 1667 e.
709 1626 969 1667 carminum.
998 1650 1056 1653 ——
1082 1623 1289 1666 Exsolvit
1323 1624 1557 1679 promissa
1591 1623 1752 1674 Venus,

266 1703 377 1745 vidit
402 1704 588 1744 fortasse
626 1702 865 1757 aliquando
892 1701 1044 1755 puella
1069 1701 1173 1742 felix
1211 1713 1355 1749 omen,
1395 1701 1512 1742 unde
1538 1700 1755 1742 Venerem

268 1781 308 1821 ei
325 1781 566 1833 propitiam
585 1793 681 1822 esse
697 1780 1043 1832 felicitatemque
1066 1778 1326 1832 promittere
1344 1778 1561 1831 apparuit.
1580 1803 1638 1806 —-
1654 1790 1758 1820 ‘mea

266 1856 441 1913 qaudia
462 1858 632 1906 narret,
662 1858 756 1906 etc„
785 1857 951 1897 famam
978 1856 1141 1897 amoris
1167 1856 1255 1897 mei
1283 1854 1486 1897 differant
1511 1855 1661 1905 invidi,
1682 1855 1756 1909 qui

268 1934 432 1975 talibus
471 1934 644 1987 gaudiis
683 1947 915 1988 nunquam
953 1935 1058 1975 sunt
1090 1933 1234 1987 potiti.
1268 1957 1325 1961 —
1351 1930 1542 1988 quintia,
1570 1932 1757 1974 Veneris

269 2010 441 2065 gaudia,
471 2013 520 2052 ut
548 2024 682 2065 supra
708 2011 798 2052 Tib.
827 2012 859 2052 Ι.
902 2013 940 2060 5,
972 2012 1046 2053 39:
1093 2011 1192 2052 «sed
1231 2024 1331 2052 cum
1368 2009 1458 2050 iam
1496 2008 1656 2063 gaudia
1683 2008 1756 2050 ad-

268 2089 402 2129 irem»
425 2103 435 2137 ;
463 2089 514 2129 cf.
545 2088 644 2129 adn.
675 2087 730 2129 ad
756 2089 798 2129 h.
827 2088 854 2128 l.
884 2113 941 2115 —
967 2100 1065 2138 sua,
1094 2100 1150 2128 sc.
1180 2087 1352 2140 gaudia.

328 2165 376 2205 V.
407 2165 430 2205 7
438 2165 564 2205 ---10.
593 2161 698 2206 Non
730 2176 810 2220 690
839 2165 933 2213 etc.‚
960 2164 1107 2216 puella
1151 2176 1347 2204 amorem
1375 2176 1505 2204 suum
1531 2161 1639 2203 adeo
1665 2175 1758 2203 non

269 2241 394 2285 celat,
423 2244 473 2281 ut
510 2240 723 2293 epistulas
764 2253 866 2281 suas
905 2241 1143 2282 amatorias
1182 2242 1356 2293 apertas
1383 2240 1488 2281 velit
1527 2238 1582 2280 ad
1608 2237 1757 2280 Cerin-

270 2318 398 2358 thum
424 2318 612 2358 mittere.
633 2342 690 2345 —
709 2317 907 2372 Sigmatis
932 2351 939 2358 .
964 2351 972 2359 .
1000 2349 1008 2358 .
1040 2316 1228 2366 tabellis,
1248 2316 1412 2358 tabulis
1438 2315 1597 2356 ceratis
1623 2314 1758 2356 anulo

271 2395 541 2447 obsignatis3
569 2395 620 2435 cf.
651 2393 749 2435 adn.
778 2394 894 2434 infra
912 2393 967 2435 ad
982 2394 1036 2434 II.
1058 2395 1096 2442 6,
1115 2393 1317 2435 45—-462
1351 2391 1560 2433 «tabellas
1578 2389 1757 2432 Occulto

269 2457 453 2525 portans
492 2471 614 2523 itque
651 2470 852 2523 reditque
892 2470 1034 2510 sinu».
1063 2494 1121 2496 —
1147 2467 1213 2511 Ne
1253 2467 1373 2524 leyat
1403 2466 1451 2509 id
1477 2479 1622 2520 nemo,
1648 2480 1756 2520 pro:

270 2561 326 2588 nc
355 2547 451 2600 quis
478 2547 618 2600 legat;
646 2547 741 2587 duae
768 2546 1042 2599 negationes,
1061 2548 1111 2586 ut
1131 2544 1258 2598 Prop.
1274 2545 1329 2586 ΙΙ.
1354 2546 1420 2595 19,
1440 2545 1520 2586 392:
1553 2543 1758 2585 «Absenti

270 2620 402 2664 nemo
430 2637 485 2663 ne
511 2623 716 2664 nocuisse
742 2605 872 2663 velit»
907 2625 950 2663 et
976 2622 1051 2663 Ov.
1079 2621 1144 2662 Ex
1168 2621 1293 2663 Pont.
1317 2621 1350 2662 Ι.
1384 2622 1417 2669 1,
1448 2621 1531 2662 66:
1565 2620 1651 2661 «Ne
1666 2632 1758 2661 non

271 2700 501 2753 peccarim,
530 2712 649 2740 mors
677 2713 848 2753 quoque
875 2712 967 2740 non
995 2699 1166 2740 faciet».
1186 2697 1371 2739 Videtur
1387 2697 1470 2737 hoc
1487 2710 1538 2737 ex
1554 2709 1758 2737 sermone
