<?xml version="1.0" encoding="UTF-8"?>
<!DOCTYPE html PUBLIC "-//W3C//DTD XHTML 1.0 Transitional//EN"
    "http://www.w3.org/TR/xhtml1/DTD/xhtml1-transitional.dtd">
<html xmlns="http://www.w3.org/1999/xhtml" xml:lang="en" lang="en">
 <head>
  <title>
</title>
<meta http-equiv="Content-Type" content="text/html;charset=utf-8" />
  <meta name='ocr-system' content='tesseract 3.04.00' />
  <meta name='ocr-capabilities' content='ocr_page ocr_carea ocr_par ocr_line ocrx_word'/>
</head>
<body>
  <div class='ocr_page' id='page_1' title='image "./carminaaccedunts00tibuuoft_0224.png"; bbox 0 0 1942 3132; ppageno 0'>
   <div class='ocr_carea' id='block_1_1' title="bbox 543 699 1413 860">
    <p class='ocr_par' dir='ltr' id='par_1_1' title="bbox 543 699 1413 860">
     <span class='ocr_line' id='line_1_1' title="bbox 602 699 1368 765; baseline -0.001 -13"><span class='ocrx_word' id='word_1_1' title='bbox 602 700 935 754; x_wconf 86' lang='lat' dir='ltr'><strong>TIBULLI</strong></span> <span class='ocrx_word' id='word_1_2' title='bbox 973 699 1368 765; x_wconf 86' lang='lat' dir='ltr'><strong>ELEGIDIA</strong></span> 
     </span>
     <span class='ocr_line' id='line_1_2' title="bbox 543 786 1413 860; baseline -0.001 -18"><span class='ocrx_word' id='word_1_3' title='bbox 543 789 653 842; x_wconf 83' lang='lat' dir='ltr'>DE</span> <span class='ocrx_word' id='word_1_4' title='bbox 690 787 969 860; x_wconf 66' lang='lat' dir='ltr'><strong>AMORE</strong></span> <span class='ocrx_word' id='word_1_5' title='bbox 1010 786 1413 843; x_wconf 78' lang='lat' dir='ltr'><strong>SULPIGIAE.</strong></span> 
     </span>
    </p>
   </div>
   <div class='ocr_carea' id='block_1_2' title="bbox 782 978 1175 1168">
    <p class='ocr_par' dir='ltr' id='par_1_2' title="bbox 782 978 1175 1168">
     <span class='ocr_line' id='line_1_3' title="bbox 956 978 988 1019; baseline 0.031 -1"><span class='ocrx_word' id='word_1_6' title='bbox 956 978 988 1019; x_wconf 87' lang='lat'>1.</span> 
     </span>
     <span class='ocr_line' id='line_1_4' title="bbox 782 1117 1175 1168; baseline 0.01 -12"><span class='ocrx_word' id='word_1_7' title='bbox 782 1118 870 1157; x_wconf 88' lang='lat' dir='ltr'>Lib.</span> <span class='ocrx_word' id='word_1_8' title='bbox 898 1117 969 1157; x_wconf 87' lang='lat' dir='ltr'>1v.</span> <span class='ocrx_word' id='word_1_9' title='bbox 999 1118 1108 1168; x_wconf 78' lang='lat' dir='ltr'>eleg.</span> <span class='ocrx_word' id='word_1_10' title='bbox 1136 1122 1175 1160; x_wconf 78' lang='lat'>2.</span> 
     </span>
    </p>
   </div>
   <div class='ocr_carea' id='block_1_3' title="bbox 67 1255 1724 2610">
    <p class='ocr_par' dir='ltr' id='par_1_3' title="bbox 67 1255 1722 1463">
     <span class='ocr_line' id='line_1_5' title="bbox 294 1255 1722 1309; baseline -0.001 -12"><span class='ocrx_word' id='word_1_11' title='bbox 294 1255 662 1297; x_wconf 69' lang='lat' dir='ltr'>Introduotm.</span> <span class='ocrx_word' id='word_1_12' title='bbox 689 1255 833 1297; x_wconf 83' lang='lat' dir='ltr'>Verba</span> <span class='ocrx_word' id='word_1_13' title='bbox 860 1255 915 1297; x_wconf 86' lang='lat' dir='ltr'>ad</span> <span class='ocrx_word' id='word_1_14' title='bbox 940 1255 1144 1307; x_wconf 84' lang='lat' dir='ltr'>Martem,</span> <span class='ocrx_word' id='word_1_15' title='bbox 1177 1258 1225 1297; x_wconf 93' lang='lat' dir='ltr'>ut</span> <span class='ocrx_word' id='word_1_16' title='bbox 1251 1257 1347 1309; x_wconf 86' lang='lat' dir='ltr'>ipse</span> <span class='ocrx_word' id='word_1_17' title='bbox 1375 1269 1397 1296; x_wconf 88' lang='lat' dir='ltr'>e</span> <span class='ocrx_word' id='word_1_18' title='bbox 1424 1256 1546 1297; x_wconf 85' lang='lat' dir='ltr'>caelo</span> <span class='ocrx_word' id='word_1_19' title='bbox 1572 1255 1722 1297; x_wconf 85' lang='lat' dir='ltr'>veniat</span> 
     </span>
     <span class='ocr_line' id='line_1_6' title="bbox 74 1332 1720 1394; baseline -0.001 -19"><span class='ocrx_word' id='word_1_20' title='bbox 74 1336 122 1385; x_wconf 62' lang='lat'>&gt;4</span> <span class='ocrx_word' id='word_1_21' title='bbox 237 1334 484 1387; x_wconf 85' lang='lat' dir='ltr'>spectatum</span> <span class='ocrx_word' id='word_1_22' title='bbox 512 1332 754 1386; x_wconf 80' lang='lat' dir='ltr'>Sulpiciam</span> <span class='ocrx_word' id='word_1_23' title='bbox 781 1333 993 1374; x_wconf 80' lang='lat' dir='ltr'>Kalendis</span> <span class='ocrx_word' id='word_1_24' title='bbox 1020 1334 1124 1383; x_wconf 90' lang='lat' dir='ltr'>suis,</span> <span class='ocrx_word' id='word_1_25' title='bbox 1154 1334 1266 1374; x_wconf 84' lang='lat' dir='ltr'>festo</span> <span class='ocrx_word' id='word_1_26' title='bbox 1293 1332 1625 1394; x_wconf 84' lang='lat' dir='ltr'>Matronalium,</span> <span class='ocrx_word' id='word_1_27' title='bbox 1654 1345 1720 1373; x_wconf 88' lang='lat' dir='ltr'>or-</span> 
     </span>
     <span class='ocr_line' id='line_1_7' title="bbox 67 1391 1719 1463; baseline -0.001 -12"><span class='ocrx_word' id='word_1_28' title='bbox 67 1392 71 1399; x_wconf 29' lang='lat' dir='ltr'>s</span> <span class='ocrx_word' id='word_1_29' title='bbox 235 1410 515 1451; x_wconf 84' lang='lat' dir='ltr'>natissimam</span> <span class='ocrx_word' id='word_1_30' title='bbox 540 1410 630 1461; x_wconf 88' lang='lat'>(1—</span> <span class='ocrx_word' id='word_1_31' title='bbox 635 1410 699 1460; x_wconf 71' lang='lat'>4).</span> <span class='ocrx_word' id='word_1_32' title='bbox 727 1407 1001 1450; x_wconf 87' lang='lat' dir='ltr'>Describitur</span> <span class='ocrx_word' id='word_1_33' title='bbox 1020 1391 1324 1463; x_wconf 40' lang='lat' dir='ltr'>pulchrltudo*</span> <span class='ocrx_word' id='word_1_34' title='bbox 1326 1393 1510 1463; x_wconf 43' lang='lat' dir='ltr'>{1511ae</span> <span class='ocrx_word' id='word_1_35' title='bbox 1515 1409 1719 1460; x_wconf 45' lang='grc' dir='ltr'>(ιδ-141),</span> 
     </span>
    </p>

    <p class='ocr_par' dir='ltr' id='par_1_4' title="bbox 229 1484 1720 1689">
     <span class='ocr_line' id='line_1_8' title="bbox 236 1484 1720 1539; baseline -0.001 -12"><span class='ocrx_word' id='word_1_36' title='bbox 236 1499 331 1539; x_wconf 85' lang='lat' dir='ltr'>quae</span> <span class='ocrx_word' id='word_1_37' title='bbox 360 1485 454 1527; x_wconf 84' lang='lat' dir='ltr'>sola</span> <span class='ocrx_word' id='word_1_38' title='bbox 481 1485 613 1538; x_wconf 84' lang='lat' dir='ltr'>digna</span> <span class='ocrx_word' id='word_1_39' title='bbox 639 1488 704 1526; x_wconf 85' lang='lat' dir='ltr'>est</span> <span class='ocrx_word' id='word_1_40' title='bbox 730 1485 926 1526; x_wconf 87' lang='lat' dir='ltr'>vestibus</span> <span class='ocrx_word' id='word_1_41' title='bbox 954 1486 1199 1539; x_wconf 79' lang='lat' dir='ltr'>purpureis,</span> <span class='ocrx_word' id='word_1_42' title='bbox 1230 1485 1438 1527; x_wconf 85' lang='lat' dir='ltr'>odoribus</span> <span class='ocrx_word' id='word_1_43' title='bbox 1466 1488 1508 1526; x_wconf 92' lang='lat' dir='ltr'>et</span> <span class='ocrx_word' id='word_1_44' title='bbox 1534 1484 1720 1537; x_wconf 78' lang='lat' dir='ltr'>gemmis</span> 
     </span>
     <span class='ocr_line' id='line_1_9' title="bbox 229 1560 1719 1625; baseline -0.002 -22"><span class='ocrx_word' id='word_1_45' title='bbox 229 1563 448 1613; x_wconf 66' lang='lat'><strong>(15—20).</strong></span> <span class='ocrx_word' id='word_1_46' title='bbox 480 1560 680 1602; x_wconf 90' lang='lat' dir='ltr'>Celebret</span> <span class='ocrx_word' id='word_1_47' title='bbox 706 1561 789 1601; x_wconf 86' lang='lat' dir='ltr'>hoc</span> <span class='ocrx_word' id='word_1_48' title='bbox 816 1562 981 1602; x_wconf 85' lang='lat' dir='ltr'>festum</span> <span class='ocrx_word' id='word_1_49' title='bbox 998 1562 1168 1603; x_wconf 84' lang='lat' dir='ltr'>multos</span> <span class='ocrx_word' id='word_1_50' title='bbox 1185 1574 1264 1614; x_wconf 90' lang='lat' dir='ltr'>per</span> <span class='ocrx_word' id='word_1_51' title='bbox 1289 1573 1431 1602; x_wconf 83' lang='lat' dir='ltr'>annos</span> <span class='ocrx_word' id='word_1_52' title='bbox 1457 1562 1719 1625; x_wconf 84' lang='lat' dir='ltr'>cantentque</span> 
     </span>
     <span class='ocr_line' id='line_1_10' title="bbox 230 1635 1281 1689; baseline 0.001 -12"><span class='ocrx_word' id='word_1_53' title='bbox 230 1636 384 1678; x_wconf 84' lang='lat' dir='ltr'>laudes</span> <span class='ocrx_word' id='word_1_54' title='bbox 413 1637 507 1677; x_wconf 87' lang='lat' dir='ltr'>eius</span> <span class='ocrx_word' id='word_1_55' title='bbox 534 1635 672 1676; x_wconf 86' lang='lat' dir='ltr'>Musae</span> <span class='ocrx_word' id='word_1_56' title='bbox 699 1649 799 1677; x_wconf 85' lang='lat' dir='ltr'>cum</span> <span class='ocrx_word' id='word_1_57' title='bbox 827 1636 1034 1689; x_wconf 83' lang='lat' dir='ltr'>Apolline</span> <span class='ocrx_word' id='word_1_58' title='bbox 1062 1638 1194 1688; x_wconf 68' lang='lat'>(21—</span> <span class='ocrx_word' id='word_1_59' title='bbox 1198 1637 1281 1688; x_wconf 68' lang='lat'><strong>24).</strong></span> 
     </span>
    </p>

    <p class='ocr_par' dir='ltr' id='par_1_5' title="bbox 232 1711 1724 2303">
     <span class='ocr_line' id='line_1_11' title="bbox 290 1711 1721 1778; baseline -0.001 -24"><span class='ocrx_word' id='word_1_60' title='bbox 290 1713 502 1758; x_wconf 82' lang='lat' dir='ltr'>Tibullus,</span> <span class='ocrx_word' id='word_1_61' title='bbox 541 1712 708 1753; x_wconf 84' lang='lat' dir='ltr'>amicus</span> <span class='ocrx_word' id='word_1_62' title='bbox 737 1711 941 1766; x_wconf 70' lang='lat' dir='ltr'>Sulpiciae</span> <span class='ocrx_word' id='word_1_63' title='bbox 970 1715 1012 1754; x_wconf 90' lang='lat' dir='ltr'>et</span> <span class='ocrx_word' id='word_1_64' title='bbox 1048 1712 1249 1765; x_wconf 80' lang='lat' dir='ltr'>Cerinthi</span> <span class='ocrx_word' id='word_1_65' title='bbox 1286 1712 1535 1778; x_wconf 81' lang='lat' dir='ltr'>amorisque</span> <span class='ocrx_word' id='word_1_66' title='bbox 1568 1724 1721 1752; x_wconf 91' lang='lat' dir='ltr'>eorum</span> 
     </span>
     <span class='ocr_line' id='line_1_12' title="bbox 234 1778 1723 1843; baseline -0.001 -13"><span class='ocrx_word' id='word_1_67' title='bbox 234 1790 449 1838; x_wconf 83' lang='lat' dir='ltr'>conscius,</span> <span class='ocrx_word' id='word_1_68' title='bbox 492 1778 700 1842; x_wconf 82' lang='lat' dir='ltr'>perlectis</span> <span class='ocrx_word' id='word_1_69' title='bbox 718 1780 900 1843; x_wconf 77' lang='lat' dir='ltr'>puellae</span> <span class='ocrx_word' id='word_1_70' title='bbox 942 1789 1216 1831; x_wconf 81' lang='lat' dir='ltr'>carminibus</span> <span class='ocrx_word' id='word_1_71' title='bbox 1253 1789 1338 1841; x_wconf 94' lang='lat' dir='ltr'><strong>(IV.</strong></span> <span class='ocrx_word' id='word_1_72' title='bbox 1380 1790 1466 1830; x_wconf 90' lang='lat'>7—</span> <span class='ocrx_word' id='word_1_73' title='bbox 1473 1789 1555 1839; x_wconf 69' lang='lat'>12)</span> <span class='ocrx_word' id='word_1_74' title='bbox 1590 1801 1723 1841; x_wconf 84' lang='lat' dir='ltr'>supra</span> 
     </span>
     <span class='ocr_line' id='line_1_13' title="bbox 235 1863 1724 1921; baseline -0.001 -13"><span class='ocrx_word' id='word_1_75' title='bbox 235 1867 464 1920; x_wconf 73' lang='lat' dir='ltr'>explicitis,</span> <span class='ocrx_word' id='word_1_76' title='bbox 496 1880 691 1908; x_wconf 86' lang='lat' dir='ltr'>amorem</span> <span class='ocrx_word' id='word_1_77' title='bbox 719 1867 837 1909; x_wconf 92' lang='lat' dir='ltr'>hunc</span> <span class='ocrx_word' id='word_1_78' title='bbox 856 1866 1055 1921; x_wconf 82' lang='lat' dir='ltr'>elegidiis</span> <span class='ocrx_word' id='word_1_79' title='bbox 1082 1866 1397 1909; x_wconf 69' lang='lat' dir='ltr'>celebrandum</span> <span class='ocrx_word' id='word_1_80' title='bbox 1423 1865 1507 1908; x_wconf 88' lang='lat' dir='ltr'>sibi</span> <span class='ocrx_word' id='word_1_81' title='bbox 1533 1863 1724 1917; x_wconf 82' lang='lat' dir='ltr'>sumpsit</span> 
     </span>
     <span class='ocr_line' id='line_1_14' title="bbox 232 1941 1720 1998; baseline -0.003 -13"><span class='ocrx_word' id='word_1_82' title='bbox 232 1946 525 1998; x_wconf 73' lang='lat' dir='ltr'>poemataque</span> <span class='ocrx_word' id='word_1_83' title='bbox 553 1943 600 1984; x_wconf 90' lang='lat' dir='ltr'>in</span> <span class='ocrx_word' id='word_1_84' title='bbox 626 1944 843 1985; x_wconf 89' lang='lat' dir='ltr'>honorem</span> <span class='ocrx_word' id='word_1_85' title='bbox 882 1942 1089 1997; x_wconf 78' lang='lat' dir='ltr'>Sulpiciae</span> <span class='ocrx_word' id='word_1_86' title='bbox 1128 1943 1292 1997; x_wconf 86' lang='lat' dir='ltr'>scripta</span> <span class='ocrx_word' id='word_1_87' title='bbox 1316 1942 1422 1983; x_wconf 85' lang='lat' dir='ltr'>doni</span> <span class='ocrx_word' id='word_1_88' title='bbox 1453 1941 1600 1983; x_wconf 86' lang='lat' dir='ltr'>festivi</span> <span class='ocrx_word' id='word_1_89' title='bbox 1623 1941 1720 1982; x_wconf 90' lang='lat' dir='ltr'>loco</span> 
     </span>
     <span class='ocr_line' id='line_1_15' title="bbox 234 2018 1720 2083; baseline -0.001 -23"><span class='ocrx_word' id='word_1_90' title='bbox 234 2020 274 2060; x_wconf 91' lang='lat' dir='ltr'>ei</span> <span class='ocrx_word' id='word_1_91' title='bbox 299 2020 423 2061; x_wconf 85' lang='lat' dir='ltr'>misit</span> <span class='ocrx_word' id='word_1_92' title='bbox 447 2019 661 2061; x_wconf 85' lang='lat' dir='ltr'>Kalendis</span> <span class='ocrx_word' id='word_1_93' title='bbox 695 2018 882 2083; x_wconf 83' lang='lat' dir='ltr'>Martiis,</span> <span class='ocrx_word' id='word_1_94' title='bbox 912 2019 987 2083; x_wconf 81' lang='grc'>(110</span> <span class='ocrx_word' id='word_1_95' title='bbox 1009 2020 1340 2068; x_wconf 81' lang='lat' dir='ltr'>Matronallum</span> <span class='ocrx_word' id='word_1_96' title='bbox 1383 2032 1467 2073; x_wconf 91' lang='lat' dir='ltr'>quo</span> <span class='ocrx_word' id='word_1_97' title='bbox 1503 2018 1720 2059; x_wconf 82' lang='lat' dir='ltr'>matronis</span> 
     </span>
     <span class='ocr_line' id='line_1_16' title="bbox 232 2082 1719 2150; baseline -0.001 -14"><span class='ocrx_word' id='word_1_98' title='bbox 232 2098 276 2136; x_wconf 90' lang='lat' dir='ltr'>et</span> <span class='ocrx_word' id='word_1_99' title='bbox 306 2082 469 2149; x_wconf 86' lang='lat' dir='ltr'>puellis</span> <span class='ocrx_word' id='word_1_100' title='bbox 493 2097 654 2146; x_wconf 87' lang='lat' dir='ltr'>mariti,</span> <span class='ocrx_word' id='word_1_101' title='bbox 695 2096 826 2137; x_wconf 85' lang='lat' dir='ltr'>amici</span> <span class='ocrx_word' id='word_1_102' title='bbox 862 2098 904 2137; x_wconf 91' lang='lat' dir='ltr'>et</span> <span class='ocrx_word' id='word_1_103' title='bbox 929 2097 1169 2150; x_wconf 89' lang='lat' dir='ltr'>propinqui</span> <span class='ocrx_word' id='word_1_104' title='bbox 1195 2109 1381 2137; x_wconf 90' lang='lat' dir='ltr'>munera</span> <span class='ocrx_word' id='word_1_105' title='bbox 1406 2095 1581 2136; x_wconf 84' lang='lat' dir='ltr'>mittere</span> <span class='ocrx_word' id='word_1_106' title='bbox 1608 2095 1719 2135; x_wconf 86' lang='lat' dir='ltr'>sole-</span> 
     </span>
     <span class='ocr_line' id='line_1_17' title="bbox 233 2172 1719 2233; baseline -0.001 -19"><span class='ocrx_word' id='word_1_107' title='bbox 233 2173 351 2214; x_wconf 81' lang='lat' dir='ltr'>bant.</span> <span class='ocrx_word' id='word_1_108' title='bbox 379 2173 459 2214; x_wconf 85' lang='lat' dir='ltr'>Est</span> <span class='ocrx_word' id='word_1_109' title='bbox 485 2173 618 2226; x_wconf 87' lang='lat' dir='ltr'>igitur</span> <span class='ocrx_word' id='word_1_110' title='bbox 644 2174 726 2215; x_wconf 92' lang='lat' dir='ltr'>hoc</span> <span class='ocrx_word' id='word_1_111' title='bbox 753 2187 931 2215; x_wconf 88' lang='lat' dir='ltr'>carmen</span> <span class='ocrx_word' id='word_1_112' title='bbox 962 2174 1050 2226; x_wconf 85' lang='lat' dir='ltr'><strong>(IV.</strong></span> <span class='ocrx_word' id='word_1_113' title='bbox 1079 2175 1137 2226; x_wconf 72' lang='lat'>2.)</span> <span class='ocrx_word' id='word_1_114' title='bbox 1164 2173 1383 2233; x_wconf 83' lang='lat' dir='ltr'>dedicatio</span> <span class='ocrx_word' id='word_1_115' title='bbox 1407 2172 1525 2231; x_wconf 80' lang='grc'>(10111,</span> <span class='ocrx_word' id='word_1_116' title='bbox 1554 2172 1719 2214; x_wconf 90' lang='lat' dir='ltr'>donum</span> 
     </span>
     <span class='ocr_line' id='line_1_18' title="bbox 234 2230 1719 2323; baseline -0.001 -33"><span class='ocrx_word' id='word_1_117' title='bbox 234 2252 381 2290; x_wconf 82' lang='lat' dir='ltr'>autem</span> <span class='ocrx_word' id='word_1_118' title='bbox 407 2250 554 2303; x_wconf 84' lang='lat' dir='ltr'>ipsum</span> <span class='ocrx_word' id='word_1_119' title='bbox 576 2253 749 2292; x_wconf 85' lang='lat' dir='ltr'>constat</span> <span class='ocrx_word' id='word_1_120' title='bbox 765 2264 817 2292; x_wconf 81' lang='lat' dir='ltr'>ex</span> <span class='ocrx_word' id='word_1_121' title='bbox 833 2250 1105 2292; x_wconf 86' lang='lat' dir='ltr'>carminibus</span> <span class='ocrx_word' id='word_1_122' title='bbox 1121 2250 1224 2323; x_wconf 91' lang='lat' dir='ltr'><strong>(IV.</strong></span> <span class='ocrx_word' id='word_1_123' title='bbox 1229 2251 1355 2307; x_wconf 80' lang='grc'><strong>3-6.</strong></span> <span class='ocrx_word' id='word_1_124' title='bbox 1360 2250 1374 2300; x_wconf 95' lang='grc'>)</span> <span class='ocrx_word' id='word_1_125' title='bbox 1386 2230 1687 2309; x_wconf 78' lang='lat' dir='ltr'>sequentibus.</span> <span class='ocrx_word' id='word_1_126' title='bbox 1691 2249 1719 2278; x_wconf 66' lang='lat'>‘⁸‘</span> 
     </span>
    </p>

    <p class='ocr_par' dir='ltr' id='par_1_6' title="bbox 231 2325 1720 2454">
     <span class='ocr_line' id='line_1_19' title="bbox 290 2325 1720 2379; baseline -0.001 -12"><span class='ocrx_word' id='word_1_127' title='bbox 290 2325 338 2367; x_wconf 91' lang='lat' dir='ltr'>V.</span> <span class='ocrx_word' id='word_1_128' title='bbox 373 2327 495 2367; x_wconf 77' lang='lat'><strong>1—4.</strong></span> <span class='ocrx_word' id='word_1_129' title='bbox 526 2325 607 2367; x_wconf 68' lang='lat' dir='ltr'>tibi</span> <span class='ocrx_word' id='word_1_130' title='bbox 646 2327 784 2379; x_wconf 72' lang='lat' dir='ltr'>culta,</span> <span class='ocrx_word' id='word_1_131' title='bbox 816 2327 864 2367; x_wconf 94' lang='lat' dir='ltr'>in</span> <span class='ocrx_word' id='word_1_132' title='bbox 903 2327 1120 2368; x_wconf 86' lang='lat' dir='ltr'>honorem</span> <span class='ocrx_word' id='word_1_133' title='bbox 1157 2328 1284 2368; x_wconf 86' lang='lat' dir='ltr'>tuum</span> <span class='ocrx_word' id='word_1_134' title='bbox 1323 2328 1490 2375; x_wconf 86' lang='lat' dir='ltr'>ornata,</span> <span class='ocrx_word' id='word_1_135' title='bbox 1530 2328 1579 2366; x_wconf 96' lang='lat' dir='ltr'>ut</span> <span class='ocrx_word' id='word_1_136' title='bbox 1604 2326 1720 2367; x_wconf 82' lang='lat' dir='ltr'>infra</span> 
     </span>
     <span class='ocr_line' id='line_1_20' title="bbox 231 2401 1719 2454; baseline -0.001 -11"><span class='ocrx_word' id='word_1_137' title='bbox 231 2402 303 2443; x_wconf 91' lang='lat' dir='ltr'>IV.</span> <span class='ocrx_word' id='word_1_138' title='bbox 333 2404 371 2451; x_wconf 91' lang='grc'>6,</span> <span class='ocrx_word' id='word_1_139' title='bbox 403 2404 439 2444; x_wconf 83' lang='grc'>3.</span> <span class='ocrx_word' id='word_1_140' title='bbox 469 2402 522 2444; x_wconf 88' lang='lat' dir='ltr'>de</span> <span class='ocrx_word' id='word_1_141' title='bbox 548 2403 746 2445; x_wconf 91' lang='lat' dir='ltr'>Iunone:</span> <span class='ocrx_word' id='word_1_142' title='bbox 780 2404 913 2445; x_wconf 84' lang='lat' dir='ltr'>«Lota</span> <span class='ocrx_word' id='word_1_143' title='bbox 941 2404 1023 2445; x_wconf 88' lang='lat' dir='ltr'>tibi</span> <span class='ocrx_word' id='word_1_144' title='bbox 1048 2407 1113 2446; x_wconf 87' lang='lat' dir='ltr'>est</span> <span class='ocrx_word' id='word_1_145' title='bbox 1140 2404 1282 2454; x_wconf 88' lang='lat' dir='ltr'>hodie,</span> <span class='ocrx_word' id='word_1_146' title='bbox 1310 2403 1393 2445; x_wconf 87' lang='lat' dir='ltr'>tibi</span> <span class='ocrx_word' id='word_1_147' title='bbox 1419 2416 1465 2444; x_wconf 82' lang='lat' dir='ltr'>se</span> <span class='ocrx_word' id='word_1_148' title='bbox 1491 2401 1719 2443; x_wconf 73' lang='lat' dir='ltr'>laetissima</span> 
     </span>
    </p>

    <p class='ocr_par' dir='ltr' id='par_1_7' title="bbox 119 2478 1718 2610">
     <span class='ocr_line' id='line_1_21' title="bbox 233 2478 1717 2541; baseline -0.002 -19.214"><span class='ocrx_word' id='word_1_149' title='bbox 233 2480 463 2532; x_wconf 85' lang='lat' dir='ltr'>compsit».</span> <span class='ocrx_word' id='word_1_150' title='bbox 512 2479 836 2523; x_wconf 83' lang='lat' dir='ltr'>Matronalibus</span> <span class='ocrx_word' id='word_1_151' title='bbox 876 2481 924 2522; x_wconf 91' lang='lat' dir='ltr'>in</span> <span class='ocrx_word' id='word_1_152' title='bbox 964 2481 1181 2522; x_wconf 89' lang='lat' dir='ltr'>honorem</span> <span class='ocrx_word' id='word_1_153' title='bbox 1222 2478 1717 2541; x_wconf 51' lang='lat' dir='ltr'>IPDQRZLSAEAEZlss-ffiwflss</span> 
     </span>
     <span class='ocr_line' id='line_1_22' title="bbox 234 2536 1718 2610; baseline -0.001 -14"><span class='ocrx_word' id='word_1_154' title='bbox 234 2555 505 2597; x_wconf 77' lang='lat' dir='ltr'>exornabant</span> <span class='ocrx_word' id='word_1_155' title='bbox 554 2557 775 2607; x_wconf 87' lang='lat' dir='ltr'>mulieres,</span> <span class='ocrx_word' id='word_1_156' title='bbox 818 2556 906 2607; x_wconf 87' lang='lat' dir='ltr'>sed,</span> <span class='ocrx_word' id='word_1_157' title='bbox 951 2557 1054 2610; x_wconf 87' lang='lat' dir='ltr'>quia</span> <span class='ocrx_word' id='word_1_158' title='bbox 1091 2558 1254 2598; x_wconf 87' lang='lat' dir='ltr'>festum</span> <span class='ocrx_word' id='word_1_159' title='bbox 1267 2536 1506 2598; x_wconf 33' lang='lat' dir='ltr'>*Kalendis</span> <span class='ocrx_word' id='word_1_160' title='bbox 1546 2552 1718 2595; x_wconf 84' lang='lat' dir='ltr'>Martiis</span> 
     </span>
    </p>
   </div>
   <div class='ocr_carea' id='block_1_4' title="bbox 1594 2294 1731 2307">
    <p class='ocr_par' dir='ltr' id='par_1_8' title="bbox 1594 2294 1731 2307">
     <span class='ocr_line' id='line_1_23' title="bbox 1594 2294 1731 2307; baseline 0 825"><span class='ocrx_word' id='word_1_161' title='bbox 1594 2294 1731 2307; x_wconf 95' lang='lat' dir='ltr'> </span> 
     </span>
    </p>
   </div>
   <div class='ocr_carea' id='block_1_5' title="bbox 293 2719 841 2755">
    <p class='ocr_par' dir='ltr' id='par_1_9' title="bbox 293 2719 841 2755">
     <span class='ocr_line' id='line_1_24' title="bbox 293 2719 841 2755; baseline -0.002 -1"><span class='ocrx_word' id='word_1_162' title='bbox 293 2720 312 2741; x_wconf 89' lang='lat'>*</span> <span class='ocrx_word' id='word_1_163' title='bbox 339 2719 394 2754; x_wconf 84' lang='lat' dir='ltr'>Of.</span> <span class='ocrx_word' id='word_1_164' title='bbox 420 2719 521 2753; x_wconf 82' lang='lat' dir='ltr'>infra</span> <span class='ocrx_word' id='word_1_165' title='bbox 546 2720 705 2755; x_wconf 81' lang='lat' dir='ltr'>Excurs.</span> <span class='ocrx_word' id='word_1_166' title='bbox 731 2719 841 2754; x_wconf 87' lang='lat' dir='ltr'><strong>VIII.</strong></span> 
     </span>
    </p>
   </div>
   <div class='ocr_carea' id='block_1_6' title="bbox 1784 0 1942 2930">
    <p class='ocr_par' dir='ltr' id='par_1_10' title="bbox 1784 0 1942 2930">
     <span class='ocr_line' id='line_1_25' title="bbox 1784 0 1942 2930; baseline 0 0"><span class='ocrx_word' id='word_1_167' title='bbox 1784 0 1942 2930; x_wconf 95' lang='lat' dir='ltr'> </span> 
     </span>
    </p>
   </div>
  </div>
 </body>
</html>
