1942 3132
247 220 294 258 78
821 232 877 265 An
899 236 928 266 1.
951 235 985 273 4,
1011 234 1177 264 61—72.

249 355 362 396 551:
396 354 455 394 «A
482 353 623 395 doctis
650 354 842 408 pretium
869 347 1014 395 scelus
1042 355 1108 394 est
1135 365 1311 405 sperare
1338 350 1523 404 poetis».
1552 374 1612 379 —
1630 362 1751 405 pur-

244 443 394 486 purea
422 432 488 473 est
511 428 615 473 Nisi
641 441 787 482 coma,
815 430 1012 471 fabulam
1039 429 1092 470 de
1119 429 1240 479 Niso,
1279 440 1382 480 rege
1408 426 1751 480 Megarensium,

248 511 403 549 narrat
426 507 630 561 Apollod.
651 507 729 548 III.
752 508 864 549 210:
891 505 1063 557 (Μίνως)
1090 505 1267 559 Μέγαρα
1293 501 1378 546 εἷλε
1401 502 1535 546 Νίσου
1563 504 1753 558 βασιλεύ-

249 598 366 632 οντος
392 590 463 626 τοῦ
491 583 718 631 Πανδίονος
743 616 753 626 .
778 615 788 626 .
813 615 823 625 .
853 581 1036 625 ἀπέθανε
1076 583 1121 623 δὲ
1158 584 1230 624 καὶ
1269 581 1400 628 Νῖσος
1440 581 1509 622 διὰ
1546 582 1752 635 θυγατρὸς

248 660 488 716 προδοσίαν.
515 659 686 716 Ἔχοντι
723 663 800 716 γὰρ
845 657 953 715 αὒτῷ
994 663 1229 717 πορφυρέαν
1270 657 1311 699 ἐν
1352 661 1459 714 μέσῃ
1497 664 1546 713 τῇ
1586 655 1752 714 κεφαλῇ

246 740 370 794 τρίχα
396 739 547 795 ταύτης
565 735 874 794 ἀφαιρεθείσης
892 734 943 793 ἧν
959 739 1150 793 χρησμὸς
1165 737 1421 792 τελευτῆσαι.
1438 733 1490 775 Ἥ
1509 734 1554 776 δὲ
1568 735 1754 790 θυγάτηρ

249 812 374 857 αὐτοῦ
415 813 580 856 Σκύλλα
621 812 855 870 ἐρασθεῖσα
894 812 1058 861 Μίνωος
1099 812 1230 860 ἐξεῖλε
1268 814 1339 869 τὴν
1377 814 1524 867 τρίχα;
1565 809 1753 851 eandem

249 891 448 932 fabulam
474 893 626 932 narrat
653 890 778 941 Ciris,
820 892 1020 945 epyllion
1051 888 1568 942 Pseudo-Vergilianum,
1604 889 1648 928 et
1674 886 1750 928 Ov.

248 967 355 1009 Met.
375 967 493 1009 VIII.
519 969 703 1009 1—151.
722 967 785 1009 Cf.
815 967 900 1010 Gir.
925 969 1156 1009 120—125
1174 983 1183 1008 ε
1217 966 1353 1007 «Nam
1371 965 1516 1018 capite
1534 978 1559 1005 a
1577 976 1752 1005 summo

248 1045 365 1098 regis
393 1044 614 1097 (mirabile
641 1044 778 1096 dictu)
805 1043 1003 1086 Candida
1041 1045 1242 1086 caesaries
1281 1042 1516 1094 (florebant
1552 1043 1755 1094 tempora

249 1121 405 1172 lauro),
434 1122 490 1162 At
515 1135 672 1163 roseus
689 1122 836 1163 medio
861 1121 1067 1174 surgebat
1084 1120 1247 1162 vertice
1266 1119 1427 1160 crinis:
1455 1117 1592 1160 Cuius
1619 1129 1753 1170 quam

246 1199 422 1239 servata
461 1197 537 1239 diu
575 1201 736 1240 natura
776 1199 946 1247 fuisset,
987 1199 1094 1239 Tam
1131 1197 1324 1251 patriam
1358 1196 1631 1237 incolumem
1657 1194 1754 1235 Nisi

248 1286 523 1328 regnumque
566 1276 766 1316 futurum
806 1274 1057 1317 Concordes
1100 1274 1250 1316 stabili
1290 1272 1525 1314 firmarunt
1566 1271 1752 1312 numine

249 1349 420 1391 Parcae»
455 1354 497 1392 et
522 1352 650 1406 Prop.
680 1353 758 1393 III.
793 1354 858 1402 19,
888 1353 1090 1394 21—22:
1136 1351 1309 1404 «Tuque
1350 1363 1375 1391 o
1403 1349 1557 1390 Minoa
1582 1361 1751 1390 venun-

248 1425 365 1477 data,
380 1426 539 1481 Scylla,
552 1428 706 1481 figura,
719 1429 926 1470 Tondens
936 1441 1160 1482 purpurea
1171 1441 1307 1481 regna
1317 1429 1503 1479 paterna
1513 1439 1680 1466 coma».
1692 1449 1752 1453 ——

250 1501 324 1545 Eoe
349 1516 506 1547 umero
534 1503 715 1560 Pelopis
736 1539 746 1547 .
771 1538 780 1547 .
806 1538 815 1547 .
859 1506 984 1558 ebur,
1022 1506 1140 1546 inter
1178 1505 1352 1546 fabulas
1380 1517 1403 1544 a
1429 1503 1574 1557 poetis
1602 1502 1751 1556 saepis-

247 1581 360 1622 sime
386 1584 597 1623 tractatas
625 1586 947 1624 commemorat
972 1582 1100 1636 Verg.
1128 1581 1204 1624 Ge.
1232 1581 1310 1622 III.
1353 1582 1494 1622 6—-72
1528 1579 1633 1622 «Cui
1658 1592 1752 1620 non

248 1657 393 1699 dictus
410 1658 551 1712 Hylas
570 1672 682 1713 puer
696 1662 739 1701 et
759 1659 952 1701 Latonia
965 1659 1104 1701 Delus
1117 1657 1491 1712 Hippodameque
1509 1669 1751 1710 umeroque

247 1733 411 1788 Pelops
436 1735 630 1789 insignis
658 1736 826 1778 eburno
844 1739 887 1778 P»
919 1735 1140 1777 Fabulam
1168 1735 1220 1776 de
1246 1735 1423 1788 Pelope,
1464 1747 1595 1787 quem
1626 1735 1753 1787 pater

248 1811 465 1853 Tantalus
513 1812 599 1853 diis
638 1812 963 1854 comedendum
1005 1812 1227 1866 apposuit,
1267 1811 1460 1852 breviter
1496 1811 1640 1864 tangit
1674 1810 1749 1853 Ov.

247 1887 353 1929 Met.
382 1888 454 1929 VI.
486 1890 747 1931 403—411:
782 1890 923 1931 «hanc
948 1891 1054 1930 tunc
1083 1901 1257 1944 quoque
1279 1888 1441 1929 dicitur
1457 1900 1574 1929 unus
1600 1887 1752 1929 Flesse

247 1964 411 2019 Pelops
440 1966 729 2019 humeroque,
767 1980 871 2007 suas
900 1980 925 2007 a
950 1968 1128 2020 pectore
1167 1967 1406 2020 postquam
1443 1964 1626 2006 Diduxit
1656 1977 1752 2006 ves-

247 2043 327 2092 tes,
357 2042 467 2083 ebur
485 2043 734 2084 ostendisse
751 2043 946 2084 sinistro.
968 2042 1190 2084 Concolor
1206 2043 1278 2083 hic
1297 2042 1511 2083 humerus
1538 2040 1752 2082 nascendi

245 2121 449 2173 tempore
476 2120 628 2161 dextro
656 2119 993 2174 Corporeusque
1021 2120 1131 2169 fuit3
1170 2119 1378 2161 manibus
1404 2131 1508 2160 mox
1538 2131 1650 2160 caesa
1674 2130 1750 2172 pa-

247 2194 388 2237 ternis
414 2195 616 2237 Membra
642 2197 793 2237 ferunt
824 2197 1022 2238 iunxisse
1064 2196 1183 2246 deos,
1224 2196 1410 2249 aliisque
1437 2195 1637 2249 repertis,
1667 2195 1748 2247 Qui

216 2314 221 2321 ,
246 2272 372 2312 locus
402 2274 470 2313 est
494 2273 639 2324 iuguli
666 2273 840 2313 medius
882 2274 1134 2327 summique
1160 2273 1329 2322 lacerti,
1356 2273 1535 2314 Defuit:
1567 2272 1748 2326 imposi-

246 2350 343 2388 tum
372 2350 438 2388 est
464 2362 557 2389 non
583 2350 884 2402 comparentis
911 2350 959 2390 in
985 2364 1116 2391 usum
1138 2350 1283 2391 Partis
1311 2349 1419 2390 ebur
1443 2349 1645 2402 factoque
1670 2348 1750 2390 Pe-

247 2423 347 2476 lops
375 2424 460 2464 fuit
486 2424 660 2477 integer
686 2425 807 2466 illo».
838 2448 892 2452 —
929 2426 1125 2481 referent
1151 2425 1310 2477 Musae,
1343 2426 1503 2475 dicent,
1531 2437 1748 2466 memora-

248 2500 373 2549 bunt,
415 2501 672 2542 cantabunt.
700 2525 760 2530 -—
787 2501 910 2551 vivet,
946 2503 1062 2555 quia,
1090 2506 1140 2544 ut
1178 2503 1286 2545 Hor.
1328 2502 1470 2545 Carm.
1508 2501 1578 2543 IV.
1609 2502 1648 2550 8,
1677 2501 1745 2542 28.

247 2577 356 2618 dicit
376 2593 384 2618 :
418 2577 639 2630 «Dignum
666 2578 797 2619 laude
824 2578 969 2620 virum
996 2579 1126 2620 Musa
1150 2583 1272 2622 vetat
1296 2579 1452 2622 mori».
1472 2602 1473 2605 ¹

309 2653 357 2695 V.
388 2655 575 2695 67—-72
611 2652 746 2696 Idoeae
786 2667 950 2696 currus·
989 2655 1074 2697 illa
1114 2659 1334 2712 sequatur
1374 2653 1500 2711 Opis,
1538 2652 1747 2707 religioso

249 2731 397 2772 furore
425 2730 682 2784 abripiatur,
711 2732 760 2771 ut
788 2730 918 2775 Galli,
941 2732 1190 2774 sacerdotes
1209 2732 1407 2786 Cybeles,
1427 2731 1518 2772 deae
1531 2730 1746 2784 Phrygiae,
