1942 3132
734 237 794 268 An
812 237 846 268 1.
867 236 904 276 e,
929 235 1073 267 1—12.
1616 220 1660 256 91

148 357 410 401 efficiendus
436 358 515 407 est,
544 368 664 407 nam,
693 353 814 411 quod
839 355 1043 397 animum
1068 353 1231 408 puellae
1259 355 1418 395 amatae
1447 353 1533 395 sibi
1559 365 1662 395 con·

147 436 299 478 ciliare
337 435 498 490 potuit,
524 433 701 476 Tibullo
739 431 870 474 debet
896 432 1121 484 (39—46).
1149 430 1278 472 Nunc
1316 429 1454 485 pudet
1485 432 1666 484 poetam

146 512 303 555 laudes
329 511 526 559 Marathi
552 510 768 554 cecinisse
794 522 986 563 eumque
1012 508 1170 563 procul
1198 508 1354 550 abesse
1380 507 1506 548 iubet
1530 508 1666 558 (47—

147 591 232 642 52).
271 589 384 632 Tum
424 587 675 643 corruptori
711 587 821 636 eius,
863 585 961 628 seni
1000 585 1179 628 cuidam
1217 585 1352 638 turpi,
1401 584 1665 638 gravissima

146 668 268 709 mela
305 668 603 722 imprecatur:
642 665 771 707 fallat
797 677 902 706 eum
928 676 1040 705 uxor
1078 663 1272 705 assiduis
1299 661 1415 705 dolis
1440 662 1663 714 ‹253—74).

146 745 201 787 In
232 744 322 786 fine
361 744 525 786 iterum
564 743 612 785 in
650 741 910 784 Marathum
949 741 1179 783 invehitur
1220 752 1356 794 seque
1393 752 1499 780 mox
1524 739 1665 780 alium

145 834 347 876 puerum,
397 833 530 875 quem
577 821 710 868 amet,
758 817 1049 860 inventurum
1095 817 1359 871 Venerique,
1409 816 1448 857 si
1492 814 1665 856 infelici

147 911 299 941 amore
339 898 601 947 resolvatur,
641 895 810 938 donum
836 894 1280 955 votivumadaturum
1306 893 1415 935 dicit
1440 892 1662 943 (75—-84).

206 975 255 1016 Υ.
307 976 432 1017 1—6.
475 974 707 1017 miseros.
744 1006 754 1015 .
789 1006 799 1015 .
836 985 1035 1025 amores,
1082 972 1157 1026 qui
1205 972 1360 1014 miseri
1408 971 1513 1012 faeti
1559 972 1666 1012 sunt

145 1052 344 1108 periurio
368 1050 578 1093 Marathi.
606 1075 666 1079 —
692 1048 900 1093 Foedera
930 1062 1019 1105 per
1056 1048 1187 1092 divos
1212 1082 1223 1092 .
1254 1080 1266 1091 .
1292 1083 1300 1090 .
1331 1047 1491 1098 dabas,
1531 1046 1667 1089 fidem

146 1129 298 1180 dabas,
326 1129 506 1172 iurabas
532 1143 614 1184 per
638 1128 761 1178 deos,
790 1131 841 1170 ut
866 1127 944 1170 Ov.
973 1127 1078 1169 Met.
1109 1128 1164 1169 ΙΙ.
1195 1129 1310 1170 757:
1343 1128 1524 1168 «contra
1561 1125 1667 1167 data

146 1207 338 1249 foedera.»
369 1220 477 1261 pro:
516 1207 673 1248 contra
710 1205 862 1247 datam
902 1205 1048 1247 fidem.
1077 1229 1137 1233 -—
1164 1202 1280 1247 Sera
1321 1206 1474 1246 tamen
1514 1201 1666 1245 tacitis

146 1283 303 1329 Poena
328 1286 450 1328 venit
470 1283 684 1341 pedibus,
711 1284 847 1326 Poena
886 1282 1204 1338 personificata
1231 1295 1328 1323 sera
1354 1280 1513 1332 (tarda)
1537 1293 1665 1322 voca-

144 1363 230 1411 tur,
274 1363 326 1404 ut
366 1362 474 1404 Hor.
519 1361 663 1404 Germ.
708 1361 786 1402 III.
818 1363 857 1410 92,
904 1361 1107 1403 31-32:
1140 1359 1282 1402 «Raro
1325 1358 1667 1400 antecedentem

146 1439 387 1482 scelestum
425 1439 634 1480 Deseruit
675 1437 789 1492 pede
827 1438 965 1479 Poena
997 1435 1204 1486 claudo»;
1244 1435 1437 1478 conferri
1475 1436 1669 1490 possunt

146 1508 264 1572 apud
313 1516 491 1559 Graeeos
538 1514 827 1571 ὑστερόποινος
875 1514 972 1558 Ἄτα
1018 1515 1192 1566 (Aesch.
1232 1513 1416 1567 Choeph.
1468 1514 1587 1565 383.)
1624 1514 1669 1554 et

146 1593 401 1642 ὀπισθόπους
441 1593 562 1651 Δίκη,
595 1593 648 1635 de
675 1607 763 1648 qua
795 1593 951 1647 Eurip.
980 1593 1030 1634 fr.
1062 1593 1161 1634 969.
1191 1591 1269 1634 N.:
1309 1589 1422 1633 ἀλλὰ
1460 1595 1557 1643 σῖγα
1594 1591 1668 1632 καὶ

148 1671 294 1727 βραδεῖ
337 1671 430 1713 ποδὶ
478 1670 711 1727 Στείχουσα
758 1673 914 1727 μάρψει
959 1671 1053 1717 τοὺς
1102 1658 1275 1718 κακούς,
1318 1667 1414 1710 ὅταν
1462 1670 1582 1724 τύχῃ.
1609 1691 1668 1695 --

147 1746 265 1790 Sera
292 1781 301 1790 .
330 1781 340 1790 .
368 1781 379 1790 .
405 1746 576 1799 Poena,
602 1751 655 1790 ut
680 1748 806 1802 Prop.
834 1748 913 1789 ΠΙ.
937 1750 975 1795 6,
997 1748 1081 1789 32:
1113 1763 1128 1783 «
1138 1746 1275 1788 Poena
1301 1746 1386 1788 erit
1411 1747 1515 1786 ante
1541 1757 1667 1786 meos

149 1838 260 1873 sera,
291 1824 369 1867 sed
395 1826 563 1880 ampla,
591 1825 772 1880 pedes».
789 1849 846 1853 ---
863 1837 1066 1880 aequum
1092 1826 1159 1866 est
1186 1823 1373 1878 impune
1402 1822 1534 1864 licere
1559 1819 1665 1864 Nu-

148 1902 280 1945 mina
316 1901 537 1958 formosis
578 1900 757 1944 laedere
794 1902 948 1944 vestra
985 1899 1138 1948 semel,
1171 1899 1290 1941 idem
1329 1900 1456 1953 optat
1481 1897 1668 1940 Ovidius

149 1978 357 2022 Corinnae
395 1978 492 2020 Am.
531 1978 588 2019 IL
636 1979 701 2027 14,
739 1978 945 2019 43—44:
979 1975 1060 2018 «Di
1097 1976 1267 2024 faciles,
1294 1988 1499 2030 peccasse
1528 1974 1668 2016 semel

149 2055 378 2099 concedite
406 2056 516 2105 tuto,
544 2054 602 2096 Et
628 2055 739 2096 satis
765 2056 833 2096 est
857 2067 1038 2108 poenam
1065 2054 1198 2108 culpa
1225 2051 1421 2095 secunda
1449 2053 1667 2094 ferat».-

146 2132 384 2190 formosis‚
409 2133 462 2174 cf.
492 2131 592 2173 adn.
622 2144 759 2185 supra
785 2131 839 2173 ad
866 2131 897 2173 Ι.
928 2133 968 2176 4.
1000 2132 1038 2173 3.

209 2209 259 2253 V.
290 2211 449 2252 7—122.
479 2207 714 2252 habili...
735 2210 911 2262 aratro,
928 2207 1149 2251 vertendae
1176 2211 1304 2250 terrae
1332 2209 1449 2261 apte.
1466 2206 1670 2262 —urqet

150 2300 282 2343 opus,
307 2288 415 2329 totis
440 2286 611 2328 viribus
636 2286 871 2335 incumbit,
896 2287 948 2328 ut
973 2286 1110 2328 etiam
1137 2284 1214 2327 Ov.
1242 2284 1348 2327 Met.
1376 2284 1449 2326 IV.
1480 2285 1578 2327 390.
1607 2307 1667 2313 —

150 2364 394 2408 instabiles
421 2398 430 2407 .
461 2398 471 2407 .
498 2396 508 2404 .
535 2366 676 2415 rates,
714 2364 885 2405 incerto
925 2366 1051 2405 motu
1076 2362 1363 2412 fluctuantes,
1389 2365 1440 2404 ut
1464 2362 1582 2404 infra
1607 2361 1663 2403 Π.

151 2444 192 2494 3,
230 2443 316 2484 4οι
349 2440 522 2483 «dubiis
564 2440 780 2489 ratibus»;
821 2440 875 2482 cf.
915 2439 1044 2495 Verg.
1090 2439 1167 2482 Ge.
1210 2439 1283 2481 IV.
1330 2441 1440 2482 195:
1474 2439 1666 2494 «cymbae

149 2519 409 2561 instabiles»
442 2519 486 2559 et
511 2517 589 2559 Ov.
618 2516 725 2559 Met.
753 2516 810 2559 ΙΙ.
844 2518 1104 2560 163—164:
1137 2517 1308 2572 «thue
1341 2517 1496 2558 labant
1522 2529 1665 2558 curvae

149 2597 268 2638 iusto
312 2597 410 2638 sine
449 2594 647 2649 pondere
688 2608 826 2637 naves
865 2595 1036 2650 Perque
1076 2608 1199 2637 mare
1240 2595 1477 2637 instabiles
1523 2594 1667 2636 nimia

150 2673 332 2715 levitate
349 2674 597 2715 feruntur».
614 2696 673 2700 —
684 2670 840 2715 sidera
852 2674 992 2725 certa,
1009 2686 1107 2727 quse
1123 2672 1243 2714 viam
1258 2673 1379 2715 certo
1396 2672 1662 2719 monstrant,

150 2754 202 2792 ut
237 2750 347 2793 Hor.
383 2749 528 2794 Cam
569 2749 626 2790 H.
671 2749 737 2799 16,
779 2749 921 2792 3—4:
953 2754 1123 2805 «neque
1148 2752 1270 2791 certa
1305 2749 1487 2807 fulgent
1512 2746 1666 2790 Sidera
