1942 3132
779 215 836 247 m
855 215 888 246 1.
913 214 946 254 ι,
969 212 1138 245 78—78.
1648 198 1712 235 ιιι

204 334 407 379 seruisse
431 334 574 385 iuvat,
601 337 654 377 ut
683 334 812 389 Prop.
840 333 919 375 ΠΙ.
948 333 988 383 7,
1018 332 1208 374 33-34.
1232 331 1288 373 ad
1315 331 1582 386 Cynthiam:
1605 332 1717 374 «Aut

203 415 353 455 tecum
378 413 458 453 aut
483 424 564 465 pro
592 413 636 454 te
661 410 775 454 mihi
801 423 903 452 cum
936 408 1154 451 rivalibus
1191 421 1318 450 arma.
1344 406 1531 462 Semper
1556 407 1721 450 erunt²

203 470 254 533 in
277 492 323 532 te
361 502 448 544 pax
484 490 598 531 mihi
635 488 764 531 nulla
800 487 991 542 placetum
1031 489 1187 529 contra
1223 485 1331 529 Hor.
1363 484 1506 528 Carm.
1535 485 1614 527 HL
1648 487 1713 536 14,

206 567 410 610 25—26:
443 566 603 608 «Lenit
639 564 871 608 albescens
909 564 1088 606 animos
1129 563 1322 618 capillus
1347 562 1519 604 Litium
1546 565 1590 604 et
1615 562 1717 604 rixae

204 643 391 698 cupidos
433 645 693 698 protervae».
732 666 793 671 —
828 641 1097 692 inseruisse,
1140 653 1199 683 sc.
1242 640 1420 689 Veneri,
1465 640 1690 682 amoribus
1706 654 1717 689 ;

206 721 409 764 absolute
434 721 649 775 positum,
673 722 725 762 ut
749 718 828 762 Ov.
846 719 943 761 Am
972 719 1055 761 III.
1083 719 1123 768 7,
1152 720 1206 762 9:
1227 717 1502 772 «Osculaque
1530 717 1721 759 inseruit

205 797 366 852 cupide
408 797 627 840 luctantia
662 796 875 851 linguis».
920 795 1008 839 Sed
1054 795 1340 838 scribendum
1387 796 1578 837 fortasse
1618 805 1724 836 cum

207 875 435 917 codicibus
480 873 802 916 deterioribus:
853 873 1152 922 conseruisse,
1200 861 1252 914 ut
1302 872 1492 914 dicitur:
1542 884 1718 921 manus,

206 966 405 1007 pugnam
438 963 685 995 conserere.
711 951 873 1005 Agitur
911 951 1045 998 enim,
1074 953 1126 992 ut
1148 962 1237 995 vss.
1268 951 1458 993 75—76.
1487 949 1711 999 docemur,

207 1030 261 1072 de
288 1030 419 1072 bellis
446 1029 645 1072 Veneris.
672 1053 733 1058 —-
757 1027 846 1071 Hic
877 1040 957 1085 eqo
995 1026 1097 1071 duoe
1133 1027 1354 1083 milesque
1395 1026 1555 1076 bonus,
1585 1040 1642 1068 sc.
1670 1026 1720 1068 in

208 1107 379 1150 foribus
418 1105 678 1160 frangendis
704 1108 748 1148 et
772 1105 822 1147 in
853 1105 962 1147 rixis
1000 1104 1246 1154 amatoriis,
1275 1105 1324 1146 in
1361 1103 1494 1145 bellis
1518 1103 1720 1152 Veneris,

208 1186 260 1226 ut
299 1184 427 1238 Prop.
466 1183 523 1225 Π.
552 1184 624 1234 22,
664 1184 747 1226 34:
780 1182 890 1224 «Hic
929 1195 1011 1238 ego
1052 1181 1242 1233 Pelides,
1285 1182 1358 1223 hic
1395 1182 1518 1222 ferus
1554 1180 1724 1222 Hector

209 1275 316 1316 ego»
348 1262 393 1304 et
429 1261 463 1302 Ι.
505 1261 544 1311 6,
585 1261 788 1303 29—30:
821 1259 945 1302 «Non
991 1273 1074 1314 ego
1121 1272 1222 1301 sum
1268 1258 1406 1308 laudi,
1447 1271 1541 1300 non
1586 1259 1723 1299 natus

209 1338 397 1381 idoneus
423 1338 587 1381 armis:
612 1337 743 1380 Hanc
767 1351 840 1379 me
878 1337 1092 1379 militiam
1129 1338 1222 1379 fata
1259 1335 1408 1379 subire
1433 1336 1637 1378 volunt».
1662 1357 1725 1363 ——

209 1414 398 1472 cupidis,
439 1429 497 1458 sc.
538 1415 711 1470 praedae,
755 1415 914 1457 avaris.
954 1440 1014 1444 —
1051 1414 1303 1471 composito
1329 1445 1339 1454 .
1368 1445 1378 1454 .
1407 1445 1418 1454 .
1448 1424 1621 1461 acervo,
1663 1424 1721 1453 sc.

209 1494 387 1548 frugum
415 1493 463 1534 in
488 1493 663 1542 horreo,
687 1495 737 1535 ut
755 1505 892 1547 supra
904 1506 967 1535 vs.
997 1493 1051 1535 9:
1076 1493 1279 1547 «frugum
1302 1503 1481 1544 semper
1497 1501 1723 1538 acervos»·;

206 1573 260 1614 cf.
287 1571 396 1614 Hor.
423 1570 505 1626 Ep.
541 1572 580 1620 2,
625 1570 887 1613 190—191:
919 1569 1057 1612 «Utar
1097 1570 1142 1610 et
1182 1582 1234 1611 ex
1273 1567 1463 1616 modico,
1505 1567 1724 1620 quantum

207 1662 279 1690 res
303 1650 471 1703 poscet,
513 1660 669 1690 acervo
709 1646 929 1688 Tollam».
955 1671 1015 1674 —
1041 1645 1303 1702 composito,
1343 1645 1531 1687 collecto
1571 1647 1616 1686 et
1653 1657 1724 1685 ex·

209 1727 391 1774 structo,
433 1726 485 1766 ut
521 1723 651 1777 Verg.
690 1724 802 1765 Aen.
831 1722 950 1765 VIIL
993 1723 1105 1765 317:
1151 1735 1446 1776 «componere
1489 1735 1639 1776 opes».
1666 1744 1724 1749 —

212 1798 476 1856 Despiciam
501 1799 616 1843 dites
642 1799 986 1856 despiciamque
1012 1799 1196 1855 famem,
1226 1801 1277 1840 ut
1289 1798 1400 1840 Hor.
1419 1797 1564 1840 Cal-m.
1579 1797 1635 1838 Π.
1657 1797 1723 1845 10,

210 1879 354 1920 5-8;
387 1877 605 1919 «Auream
633 1877 837 1931 quisquis
863 1876 1222 1918 mediocritatem
1246 1874 1418 1928 Diligit,
1453 1876 1578 1915 tutus
1604 1875 1726 1915 caret

209 1954 402 1997 obsoleti
441 1953 656 1995 Sordibus
695 1952 813 2003 tecti,
855 1955 977 1994 caret
1014 1951 1258 1994 invidenda
1296 1949 1482 1994 Sobrius
1521 1950 1648 1992 aula.»
1681 1951 1726 1991 et

210 2031 288 2073 Ov.
317 2031 446 2072 Trist.
481 2029 539 2072 Π.
571 2030 667 2072 113.
707 2030 763 2071 de
806 2028 939 2072 domo
988 2041 1096 2071 sua:
1127 2028 1209 2070 «Et
1245 2040 1390 2083 neque
1433 2027 1602 2069 divitiis
1642 2038 1724 2068 nec

209 2110 473 2163 paupertate
499 2106 742 2149 notanda».

927 2355 1007 2398 III.

788 2502 877 2543 Lib.
904 2501 940 2543 1.
967 2502 1083 2553 eleg.
1110 2502 1150 2543 5.

272 2646 645 2692 Introductio.
672 2647 798 2689 Inter
822 2646 1050 2690 Tibullum
1089 2649 1134 2690 et
1163 2648 1343 2690 Deliam
1381 2646 1620 2689 discidium
1659 2658 1727 2686 or·

214 2728 310 2768 tum
349 2730 429 2773 est.
469 2725 589 2781 quod
627 2728 760 2779 poeta
798 2737 846 2767 se
884 2723 1054 2768 diutius
1092 2726 1207 2767 ferre
1244 2738 1340 2768 non
1377 2738 1509 2779 posse
1549 2725 1723 2765 fatetur.
