1942 3132
182 748 221 770 60

184 1131 221 1154 65

238 213 283 246 56

934 226 981 254 11.
1005 225 1039 254 3„

296 343 368 384 Illi
397 343 585 384 selectos
612 345 781 384 certent-
807 342 1003 396 praebere
1030 342 1200 383 colores

355 419 501 461 Africa
526 419 765 473 puniceum
792 432 1153 472 purpureumque
1179 418 1329 471 Tyros.

296 527 1278 538 oooooooooooooo

296 651 411 692 Nota
436 651 618 704 loquor:
648 663 836 703 regnum
861 650 946 691 iste
973 651 1108 698 tenet,
1138 662 1268 702 quem
1298 661 1414 701 saepe
1441 647 1585 700 coegit

355 727 552 768 Barbara
579 729 786 780 gypsatos
813 727 926 767 ferre
954 727 1123 767 catasta
1148 725 1295 778 pedes.

295 804 351 845 At
376 804 470 853 tibi,
499 803 610 845 dura
636 815 773 856 seges,
801 802 1028 843 Nemesim
1055 815 1150 855 quae
1178 800 1358 842 abducis
1385 800 1438 841 ab
1465 799 1586 846 urbe,

357 880 586 921 Persolvat
612 879 739 920 nulla
767 878 939 920 semina
965 881 1084 919 terra
1109 877 1206 918 fide.

296 957 352 998 Et
378 960 439 1006 tu,
467 956 640 998 Bacche
666 958 804 1005 tener,
833 954 1037 996 iucundae
1064 954 1263 995 consitor
1287 967 1394 1002 uvae,

357 1034 421 1074 Tu
447 1045 620 1086 quoque
648 1032 840 1081 devotos,
870 1031 1056 1079 Bacche,
1085 1030 1288 1083 relinque
1314 1030 1449 1070 lacus.

297 1109 431 1150 Haud
456 1108 639 1162 impune
666 1108 770 1148 licet
797 1108 1015 1148 formosas
1042 1106 1244 1147 tristibus
1271 1106 1389 1158 agris

357 1185 551 1227 Abdere:
579 1198 672 1226 non
698 1185 812 1226 tanti
841 1187 944 1225 sunt
969 1186 1047 1225 tua
1073 1186 1232 1232 musta,
1261 1187 1400 1236 pater.

299 1262 333 1303 O
361 1263 540 1304 valeant
565 1263 725 1315 fruges,
755 1275 811 1302 ne
840 1261 930 1302 sint
955 1260 1087 1302 modo
1115 1274 1216 1301 rure
1241 1261 1427 1313 puellae:

358 1338 498 1380 Glans
525 1339 616 1379 alat
643 1340 686 1379 et
711 1338 858 1391 prisco
884 1350 1009 1377 more
1034 1336 1245 1377 bibantur
1271 1350 1407 1390 aquae.

300 1415 441 1457 Glans
468 1415 581 1456 aluit
605 1416 788 1463 veteres,
820 1416 863 1454 et
888 1413 1058 1466 passim
1085 1426 1261 1466 semper
1288 1417 1520 1453 amarunt:

359 1492 473 1543 Quid
498 1491 653 1533 nocuit
679 1491 826 1532 sulcos
852 1503 945 1531 non
973 1490 1183 1531 habuisse
1211 1491 1364 1531 satos?

298 1569 430 1618 Tunc,
460 1569 619 1622 quibus
647 1567 869 1620 aspirabat
895 1566 1041 1616 Amor,
1071 1566 1295 1619 praebebat
1321 1568 1472 1618 aperte

356 1645 480 1687 Mitis
505 1646 554 1685 in
581 1644 791 1685 umbrosa
816 1643 979 1697 gaudia
1005 1643 1121 1684 valle
1147 1642 1311 1683 Venus.

298 1723 457 1763 Nullus
485 1724 579 1763 erat
605 1724 766 1770 custos,
796 1720 922 1760 nulla
950 1721 1181 1760 exclusura
1207 1718 1411 1759 dolentes

357 1800 523 1840 lanua:
554 1799 591 1839 si
617 1798 685 1839 fas
712 1800 789 1846 est,
819 1810 918 1838 mos
943 1810 1101 1850 precor
1128 1796 1201 1837 ille
1229 1795 1338 1837 redi.

184 1896 199 1919 7
205 1896 1281 1918 ...............

182 2278 224 2301 ,80

357 1952 552 1995 Horrida
577 1952 738 1993 villosa
763 1964 950 2004 corpora
974 1953 1097 1991 veste
1123 1951 1289 2003 tegant.

299 2030 426 2071 Nunc
454 2031 492 2071 si
519 2029 672 2071 clausa
697 2041 799 2070 mea
826 2030 902 2078 est,
934 2028 970 2068 si
998 2027 1126 2080 copia
1151 2039 1254 2067 rara
1278 2025 1468 2075 videndi,

358 2107 459 2148 Heu
485 2107 711 2154 miserum,
740 2105 887 2146 laxam
915 2104 1021 2157 quid
1045 2105 1170 2146 iuvat
1196 2117 1291 2145 esse
1318 2105 1502 2157 togam?

300 2182 483 2224 Ducite:
512 2182 567 2222 ad
593 2183 830 2234 imperium
857 2181 1048 2222 dominae
1077 2180 1347 2222 sulcabimus
1375 2192 1530 2233 agros:

358 2259 456 2299 Non
485 2272 565 2312 ego
592 2272 662 2299 me
688 2259 846 2299 vinclis
874 2258 1216 2311 verberibusque
1242 2269 1371 2310 nego.
