1942 3132
331 199 401 233 274
895 218 951 245 An
977 218 1023 247 11.
1048 216 1078 254 5,
1106 216 1246 246 5—10.

330 330 385 373 H.
420 333 453 381 1,
485 333 535 373 3:
568 331 689 373 «Non
715 332 806 374 haec
833 332 1039 387 Calliope,
1069 348 1161 375 non
1188 335 1279 375 haec
1306 335 1415 375 mihi
1454 337 1603 377 cantat
1627 336 1809 390 Apollo»

330 410 375 451 et
398 409 431 450 I.
465 410 499 454 1,
528 410 608 450 27:
642 408 775 451 «Cum
807 411 887 451 tibi
923 412 1167 464 praesertim
1193 411 1383 452 Phoebus
1411 425 1490 453 sua
1515 412 1712 454 carmina
1737 413 1813 455 do-

328 488 429 528 net»
439 500 449 534 3
475 485 688 539 Panegyr.
715 486 762 527 in
786 487 917 529 Mess.
951 489 1058 529 1783
1090 488 1213 540 «Ipse
1246 488 1357 528 mihi
1383 501 1473 529 non
1502 489 1537 530 si
1563 490 1815 542 praescribat

329 562 528 603 carmina
552 562 784 604 Phoebus».
800 587 857 590 —
870 563 1058 618 flectcre,
1075 564 1420 614 accommodare,
1438 566 1487 604 ut
1503 564 1596 606 Liv.
1615 565 1811 608 XXVIII.

329 640 410 682 44:
445 638 514 679 «id
540 641 606 680 est
631 638 714 680 viri
732 641 774 680 et
792 638 927 690 ducis,
955 653 1046 680 non
1073 632 1224 680 deesse
1251 641 1439 681 fortunae
1461 641 1674 694 praebenti
1700 655 1746 683 se
1772 645 1815 684 et

331 716 480 757 oblata
504 729 610 758 casu
633 715 806 757 flectere
834 715 888 756 ad
914 717 1192 758 consilium».

387 793 436 836 V.
465 794 622 835 5—10.
650 790 750 848 Ipse
777 792 1043 847 triumphali
1061 794 1152 843 etc„
1171 796 1302 847 poeta
1320 796 1422 835 ante
1440 795 1590 836 0011108
1607 795 1813 838 habuisse

327 871 503 913 videtur
528 871 720 911 statuam
745 869 963 922 Apollinis
1002 870 1230 911 citharoedi
1257 883 1283 911 a
1311 869 1452 924 Scopa
1490 872 1662 922 factam,
1691 885 1812 914 coro-

328 950 482 989 natam
520 947 656 995 lauro,
694 945 898 987 indutam
933 946 1053 999 palla
1090 947 1235 998 longa,
1263 947 1435 1000 capillis
1460 947 1509 989 in
1534 946 1701 989 nodum
1725 950 1812 991 001-

327 1025 464 1074 100118,
506 1037 599 1077 quae
641 1023 784 1064 stabat
823 1023 870 1063 in
908 1022 998 1063 aede
1036 1023 1256 1076 Apollinis
1297 1023 1488 1065 Palatini
1530 1024 1584 1066 ab
1614 1025 1812 1078 Augusto

328 1100 553 1149 dedicata3
592 1100 645 1141 cf.
673 1098 784 1141 Plin.
814 1099 863 1140 N.
890 1099 946 1140 H.
974 1098 1167 1141 XXXVI.
1198 1101 1266 1141 25.
1309 1100 1361 1141 de
1404 1099 1569 1154 Scopa:
1604 1102 1669 1142 «Is
1711 1102 1814 1143 fecit

327 1212 338 1222 .
367 1212 376 1221 .
405 1211 415 1221 .
443 1176 696 1230 Apollinem
731 1175 1025 1217 Palatinum».
1065 1176 1181 1217 Huic
1219 1176 1376 1218 similis
1416 1180 1481 1219 est
1519 1192 1570 1219 ea
1594 1180 1814 1232 Apollinis

327 1253 557 1295 citharoedi
599 1254 756 1299 statua,
798 1265 892 1304 quae
933 1265 1051 1292 nunc
1092 1252 1140 1292 in
1179 1251 1335 1294 Museo
1361 1252 1573 1296 Vaticano
1601 1257 1811 1298 servatur.

327 1331 478 1385 Scopae
517 1343 627 1385 opus
666 1330 856 1383 respexit
894 1330 1028 1371 etiam
1054 1329 1130 1374 Ov.
1158 1330 1262 1372 Met.
1303 1330 1377 1372 XI.
1422 1332 1676 1373 165—168:
1710 1332 1812 1374 «Ille

326 1410 459 1462 caput
484 1407 647 1448 flavum
675 1407 800 1447 lauro
828 1405 1065 1447 Parnaside
1091 1406 1264 1447 vinctus
1290 1406 1436 1448 Verrit
1472 1408 1658 1448 humum
1683 1408 1812 1461 'I'yrio

327 1487 524 1527 saturata
545 1484 711 1525 murice
737 1483 881 1536 palla:
908 1482 1261 1536 Instructamque
1287 1482 1419 1524 fidem
1444 1484 1629 1537 gemmis
1647 1487 1691 1526 01
1707 1484 1813 1526 den-

326 1563 444 1604 tibus
457 1560 580 1602 Indis
598 1559 798 1602 Sustinet
814 1572 839 1600 a
854 1559 977 1609 100170,
994 1559 1139 1600 10111111
1151 1572 1310 1600 manus
1327 1559 1466 1601 altera
1481 1561 1740 1614 plectrum».
1755 1586 1812 1590 ——

325 1640 428 1695 Ipse
456 1673 463 1680 .
494 1673 501 1680 .
533 1672 540 1680 .
570 1636 685 1691 veni,
711 1636 871 1677 invitat
908 1635 1039 1677 deum
1078 1636 1133 1677 ad
1172 1635 1429 1677 sacrificium
1460 1637 1499 1678 ei
1527 1637 1736 1687 oblatum,
1764 1640 1814 1679 ut

327 1730 460 1771 supra
485 1716 539 1758 II.
562 1718 599 1761 2,
620 1717 670 1757 5:
696 1714 818 1767 «Ipse
848 1727 949 1755 suos
977 1713 1091 1754 adsit
1109 1712 1277 1755 Genius
1303 1714 1477 1755 visurus
1502 1714 1737 1756 honores».
1755 1739 1813 1743 —

328 1791 596 1847 triumphali
624 1825 631 1832 .
662 1825 669 1832 .
701 1824 708 1831 .
740 1790 889 1843 lauro,
914 1791 963 1829 ut
1002 1789 1106 1830 boni
1146 1789 1308 1830 ominis
1346 1791 1443 1831 1000
1483 1790 1540 1831 811
1570 1790 1812 1831 Μο88011110

325 1870 479 1912 iuveni
516 1882 618 1910 mox
655 1867 949 1920 triumphales
987 1868 1137 1909 lauros
1178 1868 1475 1916 adfectatur03
1504 1868 1556 1909 cf.
1584 1868 1701 1909 infra
1725 1880 1810 1910 vss.

331 1947 588 1990 115—117:
634 1945 717 1987 «Ut
754 1943 1045 1984 Messalinum
1083 1943 1312 1991 celebrem,
1353 1957 1453 1984 cum
1490 1944 1672 1998 praemia
1709 1944 1812 1985 belli

326 2025 438 2066 Ante
465 2036 568 2065 suos
607 2035 760 2062 currus
799 2020 962 2074 oppida
987 2020 1101 2061 victa
1138 2022 1258 2068 feret,
1287 2020 1389 2074 Ipse
1425 2033 1582 2073 gerens
1618 2021 1810 2062 lauros».

327 2100 541 2143 Similiter
578 2100 840 2140 invocantur
875 2097 1075 2138 Bacchus
1115 2099 1157 2138 et
1184 2096 1313 2138 Ceres
1353 2110 1485 2150 supra
1516 2097 1571 2138 II.
1605 2098 1638 2145 1,
1669 2096 1810 2147 3—4.‚

326 2181 376 2219 ut
412 2177 560 2218 adsint
599 2174 810 2216 sacrificio
850 2173 1091 2215 ambarvali
1129 2174 1225 2214 uvis
1265 2175 1307 2214 et
1344 2173 1475 2226 spicis
1515 2173 1672 2223 ornati,
1701 2175 1811 2215 tam-

324 2268 457 2308 quam
483 2254 645 2307 pignus
685 2252 915 2294 afferentes
953 2251 1185 2293 vindemiae
1213 2253 1256 2291 et
1282 2251 1437 2292 messis
1476 2250 1614 2292 bonae.
1643 2250 1811 2291 Trium-

323 2332 477 2385 phalia
518 2332 778 2371 ornamenta
821 2331 1060 2382 auguratur
1100 2331 1231 2380 poeta
1268 2327 1510 2369 Messalino
1552 2327 1641 2368 iam
1678 2340 1808 2376 nunc,

319 2408 430 2461 ⁴quia
453 2421 532 2460 per
558 2406 1002 2459 quindecimvir-atum
1041 2405 1184 2447 aditus
1220 2404 1402 2459 patebat
1441 2404 1497 2445 ad
1526 2404 1810 2457 magistratus

324 2496 550 2532 summos3
577 2483 630 2523 cf.
657 2482 749 2522 Liv.
778 2482 849 2523 VI.
877 2483 946 2523 42.
974 2482 1028 2522 de
1054 2481 1308 2522 custodibus
1334 2481 1548 2522 librorum
1574 2479 1809 2533 Sibyllino-

323 2573 449 2602 rum:
483 2559 727 2612 «graduque
755 2571 805 2599 eo
831 2559 921 2599 iam
947 2558 1017 2599 via
1044 2559 1158 2599 faeta
1181 2557 1235 2598 ad
1257 2558 1537 2598 consulatum
1552 2556 1804 2597 videbatur»

327 2639 371 2678 et
397 2636 502 2679 Stat.
533 2634 636 2678 Silv.
662 2635 696 2676 I.
726 2636 764 2684 2,
798 2636 1040 2676 174—177.
1068 2635 1122 2675 de
1144 2635 1191 2677 L.
1219 2634 1437 2676 Auruntio
1465 2633 1625 2676 Stella:
1655 2632 1810 2673 «Hunc

325 2716 371 2754 et
394 2713 610 2763 bissenos,
638 2712 698 2753 sic
725 2711 1001 2764 indulgentia
1025 2714 1179 2764 pergat
1203 2710 1406 2753 Praesidis
1430 2709 1627 2759 Ausonii,
1656 2722 1809 2751 cernas
