1942 3132
772 233 830 263 u>
849 233 881 263 1.
904 230 939 271 6,
966 231 1083 262 1—e.
1618 219 1685 255 169

175 349 284 394 Hor.
313 351 393 407 Ep.
433 352 489 395 H.
524 353 559 402 1,
594 351 708 394 220:
738 349 823 393 «Ut
846 350 1000 393 vineta
1038 353 1217 405 egomet
1251 350 1415 408 caedem
1455 365 1596 395 mea».
1627 378 1685 383 —

176 427 359 483 acerba,
384 428 588 478 crudelis,
615 432 666 471 ut
701 427 822 470 infra
846 427 879 470 L
910 428 950 477 6,
978 428 1183 471 83—84:
1216 427 1390 470 «Venus
1417 462 1427 470 .
1455 462 1465 471 .
1494 462 1503 471 .
1534 430 1684 472 infidis

176 519 311 560 quam
338 507 397 548 sit
421 505 590 556 acerba,
617 507 818 548 monet».

903 688 953 731 V.

747 829 839 870 Lib.
865 828 899 869 1.
928 829 1041 879 eleg.
1069 830 1112 869 6.

236 965 608 1010 Introductio.
634 967 771 1010 Poeta
811 968 937 1010 eluso
969 967 1158 1021 coniuge
1192 966 1364 1008 aditum
1406 966 1490 1008 sibi
1518 966 1573 1009 ad
1599 967 1682 1009 De·

175 1044 284 1086 liam
310 1044 494 1095 invenit,
523 1044 599 1087 sed
624 1059 744 1087 nunc
783 1045 1016 1100 praeceptis
1053 1045 1249 1100 propriis
1285 1047 1496 1098 urgetur:
1535 1044 1687 1098 puella

177 1121 310 1169 enim,
339 1135 473 1177 quam
497 1123 594 1176 ipse
620 1122 776 1165 fallere
802 1122 966 1172 docuit,
993 1123 1148 1177 plures
1180 1123 1273 1164 iam
1299 1125 1524 1164 amatores
1550 1122 1686 1164 habet

173 1199 365 1252 (1—14).
393 1198 612 1242 Hortatur
636 1200 774 1253 igitur
799 1201 1049 1255 coniugem,
1079 1203 1130 1242 ut
1155 1201 1303 1242 servet
1330 1199 1570 1253 diligenter
1586 1213 1685 1241 eam

174 1278 395 1331 (15—202).
422 1276 562 1319 Furta
604 1290 685 1319 sua
725 1277 964 1320 confitetur
1005 1277 1250 1332 suadetque
1292 1277 1402 1326 viro,
1446 1290 1549 1318 cum
1589 1277 1686 1331 ipse

175 1353 374 1408 puellam
399 1354 510 1396 satis
535 1354 759 1397 custodire
785 1368 879 1396 non
899 1355 1057 1409 possit,
1075 1358 1127 1397 ut
1154 1368 1199 1397 se
1228 1355 1430 1396 assumat
1454 1353 1686 1396 custodem

175 1432 397 1484 (ΞΒ-42).
425 1431 578 1474 Terret
614 1431 775 1474 deinde
802 1431 980 1474 Deliam
1019 1431 1381 1486 superstitiosam
1409 1430 1589 1473 oraculo
1618 1444 1686 1472 sa-

175 1508 368 1551 cerdotis
392 1508 604 1559 Bellonae,
625 1522 722 1564 quae
747 1523 906 1564 poenas
925 1510 965 1551 ei
984 1511 1029 1551 et
1046 1508 1324 1551 amatoribus
1351 1508 1448 1550 eius
1474 1508 1688 1550 indixerit

175 1586 397 1638 (43—56).
430 1586 613 1628 Parcere
652 1588 806 1628 tamen
830 1587 928 1628 vult
965 1588 1124 1628 amatae
1166 1599 1261 1628 non
1302 1589 1485 1640 propter
1524 1586 1685 1639 ipsam.

177 1662 255 1705 sed
278 1667 462 1717 propter
491 1667 682 1705 matrem
715 1663 824 1713 eius,
868 1677 965 1718 quae
1003 1667 1147 1718 poetae
1187 1664 1306 1705 favet
1344 1663 1550 1716 furtaque
1590 1662 1687 1703 eius

179 1740 361 1782 adiuvat
385 1741 607 1792 (57—66).
635 1740 855 1782 Hortatur
891 1740 1106 1794 puellam,
1132 1743 1196 1789 ut,
1239 1739 1442 1794 quamvis
1480 1742 1689 1780 matrona

177 1830 271 1861 non
299 1818 369 1866 sit,
398 1820 543 1860 servet
581 1817 845 1866 castitatem,
886 1817 1058 1871 sibique
1084 1818 1184 1871 ipsi,
1213 1817 1251 1859 si
1279 1816 1582 1870 suspicionem
1622 1816 1686 1856 in·

177 1895 422 1939 fidelitatis⁴
444 1894 642 1945 subierit,
681 1893 816 1936 duras
852 1894 975 1948 leges
1013 1894 1207 1947 imponit
1243 1893 1464 1945 (67—74).
1506 1892 1559 1934 In
1600 1892 1688 1934 fine

178 1972 376 2015 ostendit
401 1970 555 2019 Deliae,
584 1971 621 2012 si
646 1970 946 2012 nihilominus
971 1983 1154 2024 peccare
1191 1973 1359 2024 pergat,
1387 1970 1688 2011 miserrimam

179 2051 220 2092 ei
246 2050 296 2091 in
322 2051 551 2091 senectute
578 2048 806 2089 fortunam
831 2047 1026 2090 instare:
1053 2047 1260 2089 relictum
1286 2047 1341 2088 iri
1360 2060 1457 2088 eam
1486 2046 1540 2088 ab
1568 2059 1687 2088 ama-

178 2126 350 2169 toribus
377 2126 632 2179 victumque
673 2124 870 2166 lanificio
911 2125 1227 2179 quaesituram;
1269 2123 1351 2166 tali
1394 2124 1514 2166 enim
1556 2137 1690 2178 poena

179 2203 399 2246 Venerem
437 2202 598 2244 infidas
637 2201 812 2243 afficere
844 2202 991 2244 solere
1018 2202 1240 2253 (75-84).
1271 2200 1327 2243 Se
1354 2204 1564 2255 paratum
1591 2214 1688 2242 esse

180 2287 281 2324 eam
307 2281 441 2322 etiam
468 2293 581 2321 cano
611 2279 757 2333 capite
783 2292 934 2321 amare
960 2279 1182 2331 (85—86).

239 2358 287 2400 V.
323 2358 446 2400 1—6.
476 2355 688 2411 inducar,
713 2355 923 2410 decipiar,
951 2356 1139 2405 illiciar;
1167 2356 1220 2397 cf,
1250 2355 1412 2397 Donat.
1443 2355 1496 2396 ad
1514 2354 1686 2397 Terent.

178 2435 314 2489 Andr.
343 2435 376 2477 L
407 2436 446 2479 2.
475 2437 528 2476 9:
562 2433 750 2483 «induci,
778 2436 831 2475 ut
869 2435 971 2476 ferae
999 2433 1045 2475 in
1087 2433 1243 2478 retia»,
1271 2433 1343 2474 cui
1371 2431 1689 2486 significationi

180 2516 282 2567 apte
309 2512 549 2566 respondet
574 2511 692 2553 infra
713 2524 775 2553 vs.
804 2513 858 2553 5:
891 2511 1028 2553 «Nam
1067 2510 1179 2552 mihi
1219 2509 1466 2551 tenduntur
1496 2522 1688 2557 casses»;

180 2590 286 2633 Hor.
317 2588 406 2632 Sat.
435 2589 466 2630 L
500 2591 538 2632 2.
567 2589 650 2630 88:
684 2592 957 2643 «emptorem
994 2587 1179 2630 inducat
1220 2587 1469 2637 hiantem»;
1510 2587 1596 2628 Cic.
1642 2587 1689 2627 in

179 2666 328 2710 Pison.
356 2680 390 2709 c.
425 2668 472 2709 1:
506 2666 614 2707 «Hic
642 2679 730 2714 coe,
759 2665 920 2720 quibus
946 2669 1040 2707 erat
1067 2666 1262 2719 ignotae,
1298 2664 1486 2718 decepit,
1516 2662 1687 2709 fefellit,

180 2744 396 2797 induxit».
420 2769 473 2773 -—-
501 2743 660 2793 tristis,
686 2756 878 2792 severus,
906 2743 1106 2792 immitis,
1134 2746 1183 2783 ut
1210 2742 1328 2783 infra
1346 2742 1401 2782 ΙΙ.
1423 2743 1459 2787 3,
1487 2742 1542 2781 33
1566 2741 1689 2781 ψ34ε
