1942 3132
882 185 930 215 11.
953 185 989 215 3.

200 351 213 358 ‚
246 301 384 345 Delos
411 302 487 344 ubi
516 316 647 354 nunc,
677 301 855 353 Phoebe,
882 305 963 344 tua
987 304 1066 352 est,
1096 302 1172 344 ubi
1199 302 1418 358 Delphica
1444 303 1622 359 Pytho?

306 380 475 435 Nempe
503 393 631 422 amor
653 379 703 422 in
728 392 868 434 parva.
892 382 936 421 te
963 379 1088 422 iubet
1113 393 1211 422 esse
1237 393 1352 423 casa.

245 457 417 499 Felices
445 457 567 506 olim,
596 456 760 498 Veneri
783 467 886 498 eum
911 456 1053 498 fertur
1080 459 1232 510 aperte

305 534 480 575 servire
507 535 700 575 aeternos
724 545 818 575 non
843 532 1057 587 puduisse
1085 533 1206 575 deos.

243 611 417 653 Fabula
443 624 564 653 nunc
590 610 666 652 ille
692 612 772 660 est,
802 609 880 652 sed
905 610 976 652 cui
1006 623 1088 652 sua
1113 624 1219 653 cura
1244 612 1398 665 puella.
1424 615 1503 663 est,

304 688 475 730 Fabula
503 688 561 730 sit
586 687 769 735 mavult,
797 701 932 742 quam
960 688 1058 730 sine
1085 701 1237 730 amore
1265 688 1386 732 deus.

242 768 299 808 At
325 771 388 814 tu,
418 767 622 822 quisquis
647 766 686 808 is
713 779 772 816 οε,
803 765 873 807 cui
902 766 1020 808 tristi
1047 767 1196 808 fronte
1223 765 1395 821 Cupido

303 844 513 904 Imperat,
539 843 588 885 in
612 845 770 885 nostra
796 842 888 884 sint
913 844 990 884 tua
1016 846 1161 885 castra
1188 842 1333 885 domo.

242 1076 407 1118 Ferrea
432 1089 526 1117 non
551 1075 785 1125 Venerem,
816 1074 893 1117 sed
918 1075 1116 1129 praedam
1143 1075 1307 1117 saecula
1331 1075 1544 1117 laudant:

302 1152 455 1194 Praeda
479 1156 634 1195 tamen
659 1152 816 1194 multis
843 1156 911 1194 est
938 1155 1124 1207 operata
1148 1154 1294 1196 malis.

240 1230 394 1272 Praeda
420 1231 537 1272 feras
563 1230 684 1272 acies
709 1230 848 1272 cinxit
872 1229 1155 1273 discordibus
1181 1231 1344 1273 armis:

299 1308 419 1349 Hinc
445 1321 586 1358 cruor,
616 1308 723 1349 hinc
749 1307 890 1350 caedes
917 1321 1040 1349 mors
1065 1308 1338 1363 propiorque
1363 1309 1500 1351 venit.

237 1384 390 1427 Praeda
416 1398 529 1439 vago
555 1384 689 1427 iussit
714 1386 943 1439 geminare
970 1386 1171 1440 pericula
1196 1389 1350 1440 ponto,

211 1480 219 1482 -
296 1462 467 1504 Bellica.
492 1475 595 1504 cum
621 1461 769 1504 dubiis
797 1465 944 1505 rostra.
969 1463 1091 1505 dedit
1117 1463 1300 1506 ratibus.

236 1540 466 1583 Praedator
492 1541 615 1596 cupit
638 1541 889 1583 immensos
916 1541 1120 1584 obsidere
1146 1555 1341 1596 campos,

298 1618 358 1660 Ut
382 1618 527 1660 multa
552 1619 795 1660 innumera
819 1618 976 1672 iugera
1000 1621 1158 1673 pascat
1184 1631 1291 1660 ove:

237 1695 318 1738 Cui
346 1695 463 1751 lapis
489 1698 700 1738 externus
725 1709 842 1737 curae
868 1698 948 1744 est,
977 1695 1188 1750 urbisque
1214 1696 1438 1738 tumultus

297 1772 508 1814 Portatur
531 1773 694 1815 validis
718 1773 844 1814 mille
870 1773 1082 1814 columna
1108 1773 1237 1827 iugis,

238 1848 419 1891 Claudit
446 1852 490 1890 et
513 1849 787 1892 indomitum
813 1850 956 1892 moles
981 1863 1117 1900 mare,
1146 1850 1297 1891 lentus
1323 1854 1373 1891 ut
1398 1850 1519 1891 intra

298 1926 513 1982 Neglegat
539 1926 751 1969 hibernas
775 1927 912 1981 piscis
937 1926 1096 1978 adesse
1121 1927 1282 1976 minas.

235 2005 291 2046 At
317 2004 431 2046 mihi
457 2004 560 2046 laeta
585 2004 770 2046 trahant
796 2003 957 2046 Samiae
983 2004 1191 2046 convivia
1215 2006 1340 2046 testae

298 2081 509 2136 Fictaque
535 2080 741 2123 Cumana
766 2080 939 2123 lubrica
965 2083 1084 2123 terra
1111 2084 1221 2123 rota.

235 2158 338 2201 Heu
365 2159 454 2200 heu
482 2157 695 2200 divitibus
721 2157 849 2200 video
877 2158 1070 2212 gaudere
1096 2159 1295 2213 puellas:

297 2237 392 2278 Iam
419 2236 606 2278 veniant
628 2234 800 2290 praedae,
831 2235 869 2277 si
893 2235 1047 2278 Venus
1074 2237 1200 2291 optat
1225 2250 1344 2291 opes,

235 2313 293 2356 Ut
320 2326 421 2355 mea
445 2313 624 2355 luxuria
649 2312 853 2355 Nemesis
876 2311 990 2355 fluat
1015 2317 1155 2368 utque
1180 2327 1262 2368 per
1287 2313 1440 2355 urbem

297 2389 482 2432 Incedat
508 2390 640 2432 donis
665 2390 984 2445 conspicienda
1009 2391 1135 2434 meis.

233 2467 320 2509 Illa
346 2470 472 2522 gerat
498 2469 645 2508 vestes
671 2470 842 2519 tenues,
870 2480 981 2523 quas
1008 2468 1179 2511 femina.
1204 2468 1296 2511 Coa

294 2545 463 2594 Texuit,
493 2547 675 2586 auratas
700 2543 1009 2601 disposuitque
1034 2546 1156 2589 vias:

232 2620 307 2663 Illi
333 2622 426 2664 sint
450 2622 638 2663 comites
663 2621 789 2674 fusci,
817 2635 930 2678 quos
953 2622 1085 2666 India
1108 2626 1261 2675 torret,

295 2697 414 2741 Solis
440 2702 485 2740 et
510 2698 704 2740 admotis
731 2698 873 2743 inficit
897 2699 1016 2755 ignis
1041 2701 1192 2756 equis:

1653 172 1703 207 δῦ

1731 555 1774 580 80

1730 1095 1769 1118 35

1729 1481 1769 1506 ⁴0

1726 1867 1764 1892 4⁶

1722 2254 1763 2279 50

1720 2643 1757 2669 55
