1942 3132
848 191 878 221 1.
910 190 941 220 1.

198 303 327 359 Agna
351 306 480 349 cadet
504 307 643 353 vobis.
673 321 806 363 quam
833 309 999 350 circum
1026 303 1195 353 rustica
1221 312 1362 365 pubes

257 381 456 426 Clamet:
490 384 563 426 «Io
590 397 762 427 messes
789 388 832 426 et
859 385 976 427 bona
1001 387 1109 428 vina
1135 386 1275 430 date.»

177 439 282 501 ‘Hic
308 459 441 503 modo
468 462 559 503 iam
586 461 755 516 possim
781 465 1019 505 contentus
1044 464 1192 506 vivere
1220 479 1356 519 parvo

253 537 342 579 Nec
370 551 547 593 semper
570 539 715 593 longae
741 538 918 582 deditus
946 554 1042 582 esse
1071 542 1164 590 viee,

197 612 283 656 Sed
310 614 445 657 Canis
471 616 650 658 aestivos
677 619 801 658 ortus
826 617 967 659 vitare
994 617 1076 659 sub
1104 618 1261 661 umbra

254 692 437 734 Arboris
463 693 518 734 ad
546 693 664 735 rivos
688 694 1000 747 praetereuntis
1028 708 1165 749 aquae.

195 769 284 812 Nec
312 773 465 813 tamen
491 770 718 813 interdum
742 770 909 825 pudeat
937 772 1136 814 tenuisse
1165 773 1391 815 bidentem

254 848 343 890 Aut
369 848 551 890 stimula
579 847 731 890 tardos
757 848 1033 903 increpuisse
1061 849 1209 898 boves,

194 924 293 967 Non
321 938 537 979 agnamve
564 925 669 967 sinu
694 925 846 979 pigeat
871 926 1066 968 fetumve
1093 926 1275 980 capellae

252 1002 487 1044 Desertum
516 1002 656 1045 oblita
680 1006 824 1045 matre
851 1004 1015 1045 referre
1042 1004 1238 1047 domum.

194 1080 251 1121 At
275 1093 355 1122 vos
383 1081 540 1134 exiguo
566 1081 728 1135 pecori,
757 1081 966 1135 furesque
993 1082 1190 1135 lupique,

251 1157 449 1199 Parcite:
475 1157 530 1200 de
555 1171 719 1211 magno
748 1161 815 1200 est
840 1159 989 1213 praeda
1014 1159 1208 1214 petenda
1233 1174 1377 1215 grege.

191 1233 276 1276 Hic
305 1248 385 1288 ego
411 1238 725 1290 pastoremque
752 1250 903 1279 meum
930 1238 1121 1281 lustrare
1148 1239 1391 1293 quotannis

250 1311 307 1353 Et
332 1311 556 1366 placidam
583 1313 704 1355 soleo
733 1327 941 1368 spargere
967 1316 1083 1358 lacte
1111 1316 1276 1359 Palem.

190 1388 371 1433 Adsitis.
399 1389 507 1439 divi,
535 1403 617 1433 nec
642 1404 723 1433 vos
749 1391 802 1433 de
829 1405 1026 1447 paupere
1052 1407 1210 1436 mensa

249 1466 381 1508 Dona
406 1480 488 1510 nec
514 1482 537 1510 e
564 1469 689 1522 puris
717 1471 915 1524 spernite
941 1469 1166 1514 fictilibus.

186 1542 365 1586 Fictilia
392 1545 604 1599 antiquus
630 1546 824 1599 primum
854 1547 939 1589 sibi
965 1548 1070 1590 fecit
1097 1549 1284 1603 agrestis

247 1620 424 1667 Pocula.
453 1621 506 1664 de
533 1623 654 1665 facili
681 1626 1020 1679 composuitque
1047 1626 1156 1668 lut0.

188 1696 288 1740 Non
314 1711 395 1752 ego
423 1699 603 1742 divitias
628 1703 806 1755 patrum
834 1702 1090 1758 fructusque
1117 1705 1307 1758 requiro.

248 1774 369 1827 Quos
395 1776 501 1818 tulit
528 1777 714 1831 antiquo
741 1777 922 1820 condita
947 1780 1107 1821 messis
1135 1794 1245 1822 avo:

187 1849 328 1893 Parva
354 1864 480 1905 seges
507 1854 616 1894 satis
643 1857 724 1903 est,
751 1857 848 1896 tuto
876 1856 1150 1909 requiescere
1178 1857 1292 1898 lecto

247 1926 294 1969 Si
320 1927 424 1970 licet
451 1931 496 1970 et
522 1929 655 1971 solito
682 1931 882 1973 membra
907 1932 1055 1974 levare
1082 1936 1192 1975 toro.

188 2003 332 2055 Quam
359 2004 482 2047 iuvat
510 2006 706 2048 immites
733 2011 891 2050 ventos
918 2009 1071 2051 audire
1098 2011 1335 2054 cubantem

246 2080 303 2122 Et
327 2080 558 2123 dominam
585 2088 738 2126 tenero
764 2086 1041 2129 continuisse
1068 2087 1183 2137 sinu,

185 2159 273 2200 Aut
298 2159 469 2212 gelidas
496 2159 709 2203 hibernus
738 2175 875 2216 aquas
901 2176 1002 2205 cum
1029 2164 1191 2207 fuderit
1220 2170 1383 2218 auster,

237 2236 463 2279 ¹Securum
493 2252 677 2282 somnos
703 2240 843 2283 imbre
869 2242 1050 2285 iuvante
1077 2244 1228 2298 sequi!

185 2312 284 2356 Hoc
310 2314 422 2356 mihi
449 2316 705 2369 contingat:
733 2317 792 2360 sit
818 2318 941 2362 dives
966 2321 1074 2370 iure,
1105 2322 1301 2363 furorem

245 2390 330 2443 Qui
357 2393 495 2433 maris
523 2395 567 2434 et
592 2393 741 2436 tristes
768 2396 880 2438 ferre
907 2401 1055 2451 potest
1079 2399 1268 2453 pluvias.

185 2465 221 2509 O
248 2471 466 2523 quantum
493 2472 560 2510 est
586 2471 683 2512 auri
709 2475 863 2526 pereat
886 2475 1124 2530 potiusque
1152 2477 1390 2532 smaragdi,

245 2545 388 2598 Quam
415 2546 518 2588 fleat
547 2547 602 2588 ob
628 2552 805 2592 nostras
829 2551 923 2593 ulla
947 2553 1098 2607 puella
1123 2555 1230 2597 vias.

183 2619 243 2662 'Pe
269 2621 436 2664 bellare
463 2623 588 2666 decet
613 2627 744 2676 terra,
770 2625 995 2678 Messalla,
1021 2631 1236 2686 marique,

244 2697 302 2741 Ut
327 2698 487 2741 domus
515 2701 702 2744 hostiles
726 2705 933 2758 praeferat
959 2708 1165 2750 exuvias:

1606 181 1653 215 25

1681 874 1720 898 80

1678 1261 1717 1285 85

1619 1635 1714 1672 '40

1672 2035 1710 2058 ⁴5

1667 2422 1707 2447 50
