1942 3132
734 224 794 253 n>
811 224 861 254 Π.
885 220 1109 262 1,255—eo.
1605 213 1674 248 207

175 341 442 395 argentariis
467 340 664 384 metallis
689 340 919 383 invenitur
933 340 1126 383 minium
1143 351 1331 396 quoque,
1353 346 1397 384 et
1414 357 1543 386 nunc
1559 341 1677 387 inter

175 417 406 472 pigmenta
442 431 615 472 magnae
650 417 928 459 auctoritatis
968 419 1012 460 et
1037 417 1263 472 quondam
1304 419 1421 472 apud
1447 420 1675 465 Romanos

175 508 269 537 non
295 495 441 538 solum
466 495 682 543 maximis,
726 493 804 536 sed
831 494 965 536 etiam
1007 507 1153 537 sacrae.
1190 495 1433 539 Enumerat
1473 502 1674 540 auctores

174 570 368 622 Verrius,
396 572 556 626 quibus
582 570 759 613 credere
791 584 974 613 necesse
1013 572 1071 613 sit
1107 572 1226 614 Iovis
1265 572 1407 626 ipsius
1447 574 1674 617 simulacri

175 647 334 690 faciem
360 647 515 690 diebus
542 647 666 689 festis
693 647 835 690 minio
852 648 986 690 inlini
1004 648 1185 691 solitam
1207 650 1674 706 triumphantiumque

175 737 371 778 corpora,
412 724 475 766 sic
511 723 750 766 Camillum
789 725 1134 779 triumphasse».
1176 751 1234 755 —
1272 726 1416 770 minio
1455 727 1671 784 suffusus,

164 801 377 850 infectus,
402 799 620 851 inductus,
649 803 701 842 ut
726 801 852 843 Lucr.
882 801 953 844 VI.
994 803 1094 844 448.
1137 802 1190 844 de
1228 803 1432 845 nebulis:
1478 803 1672 846 «suffun—

169 877 372 933 duntque
399 891 480 920 sua
495 878 686 932 caligine
704 880 903 922 caelum».
932 905 990 909 —
1017 878 1207 930 Bacche,
1231 879 1458 922 Bacchum
1486 881 1673 936 alloqui-

173 958 258 1006 tur,
286 956 390 1010 quia
414 955 463 998 in
490 956 707 998 honorem
735 955 831 998 eius
849 956 1189 999 celebrabantur
1209 957 1303 999 ludi
1329 958 1414 1000 hoc
1439 958 1537 1000 loco
1555 972 1673 1001 com-

173 1033 418 1076 memorati.
444 1058 501 1062 —-
527 1033 781 1090 inexperta,
822 1046 958 1075 sensu
984 1035 1173 1088 passivo,
1215 1038 1265 1076 ut
1292 1047 1426 1088 supra
1463 1035 1496 1077 Ι.
1526 1036 1565 1085 7,
1592 1037 1641 1078 31
1665 1052 1674 1077 :

180 1109 442 1164 «inexpertae
464 1114 634 1154 terrae».
663 1137 722 1140 —
747 1110 883 1154 duxit
903 1145 913 1154 .
939 1145 949 1154 .
974 1145 984 1154 .
1014 1110 1188 1163 choros,
1231 1126 1282 1155 ex
1314 1126 1400 1167 qua
1432 1114 1672 1156 saltatione

170 1190 216 1228 et
254 1189 388 1229 cantu
427 1191 522 1230 orta
562 1192 629 1230 est
658 1189 816 1243 >poesis
859 1188 1115 1231 dramatica.
1145 1214 1203 1217 —
1235 1188 1294 1232 ab
1333 1191 1442 1240 arte,
1482 1191 1534 1232 cf.
1570 1191 1671 1233 adn.

173 1276 309 1318 supra
332 1263 388 1307 ad
411 1264 446 1307 Ι.
475 1266 513 1315 9,
544 1266 627 1307 65;
661 1278 779 1307 «non
817 1265 951 1307 solita
988 1278 1150 1319 corpus
1188 1265 1243 1307 ab
1270 1268 1362 1308 arte
1394 1269 1586 1308 movet».
1615 1292 1674 1296 ——

166 1338 306 1391 Huic,
352 1355 409 1385 sc.
450 1342 623 1385 ductori
661 1342 799 1385 chori.
833 1368 892 1372 —
917 1342 1123 1387 datus..
1152 1377 1162 1386 .
1206 1342 1371 1395 hi'reus,
1412 1344 1540 1386 datus
1579 1348 1672 1395 est;

173 1416 332 1460 alludit
357 1418 411 1460 ad
440 1419 758 1473 etymologiam
783 1420 1010 1474 tragoediae
1036 1420 1266 1474 vulgarem
1281 1434 1292 1470 ;
1331 1421 1384 1463 cf.
1411 1420 1520 1464 Hor.
1548 1422 1596 1464 A.
1625 1420 1670 1464 P.

172 1495 285 1537 220:
318 1495 550 1539 «Carmine
577 1497 652 1550 qui
690 1497 858 1551 tragico
895 1497 1031 1539 vilem
1071 1498 1256 1540 certavit
1298 1498 1353 1540 ob
1393 1499 1590 1542 hircum»
1629 1502 1673 1541 et

169 1569 316 1614 Diem.
359 1573 436 1614 ΠΙ.
477 1587 518 1627 p.
558 1574 660 1616 487.
693 1574 774 1617 K:
802 1575 1072 1629 .«tragoedia‚
1100 1577 1150 1618 ut
1188 1574 1381 1630 quidam,
1418 1589 1443 1616 a
1467 1578 1602 1631 τράγῳ
1630 1578 1674 1618 et

172 1645 260 1705 ὢδῇ
285 1649 403 1691 dicta
429 1654 509 1700 est,
536 1652 749 1705 quoniam
788 1652 895 1694 olim
935 1652 1158 1695 actoribus
1198 1652 1377 1706 tragicis
1401 1655 1550 1708 τράγος
1577 1653 1603 1694 i.
1635 1666 1670 1695 e.

175 1724 326 1767 hircus
342 1717 576 1780 praernium
594 1731 752 1771 cantus
768 1730 1126 1784 proponebatur»
1148 1744 1159 1779 ;
1186 1729 1314 1783 Verg.
1344 1728 1421 1772 Ge.
1449 1729 1505 1771 H.
1527 1730 1673 1772 381—-

175 1803 274 1844 383.
302 1802 356 1845 de
382 1817 541 1858 capro:
587 1807 773 1848 «veteris
811 1807 972 1848 ineunt
1010 1806 1256 1860 proscaenia
1277 1805 1373 1848 ludi
1398 1806 1672 1861 Praemiaque

172 1882 246 1930 (se.
275 1884 447 1934 capros)
472 1882 666 1935 ingeniis
696 1896 834 1937 pagos
862 1886 907 1925 et
931 1885 1126 1939 compita
1152 1885 1317 1927 circum
1355 1884 1556 1926 Thesidae
1593 1899 1672 1939 po·-

172 1969 343 1998 suere».
373 1982 429 1986 ——
453 1971 482 2000 a
502 1959 640 2014 pleno
663 1992 673 2001 .
697 1992 707 2001 .
733 1992 742 2001 .
772 1959 892 2010 ovili,
924 1975 975 2002 ex
1001 1961 1107 2003 ovili
1125 1960 1276 2005 divitis
1300 1960 1532 2003 cuiusdam
1559 1962 1671 2015 agri-

173 2034 292 2075 colae.
323 2033 448 2077 Ovile
473 2035 527 2077 de
563 2049 795 2090 caprarum
834 2037 1022 2087 stabulo,
1053 2039 1103 2080 ut
1129 2037 1206 2080 Ov.
1241 2037 1346 2079 Met.
1375 2037 1495 2080 XIII.
1525 2038 1672 2080 827—-

174 2111 286 2153 828:
331 2110 471 2154 «Sunt
508 2112 653 2154 fetura
690 2114 849 2163 minor,
892 2113 1055 2168 tepidis
1095 2115 1143 2156 in
1182 2116 1372 2158 ovilibus
1413 2116 1530 2170 agni,
1558 2116 1673 2159 Sunt

171 2201 349 2243 quoque
381 2202 462 2243 par
498 2193 605 2232 aetas
643 2190 746 2232 aliis
784 2191 833 2232 in
871 2191 1064 2233 ovilibus
1103 2192 1260 2234 haedi».
1292 2218 1346 2221 -—
1373 2193 1673 2236 memorabile

171 2274 350 2315 munus,
381 2266 486 2320 quia
511 2267 726 2321 agricolae,
747 2268 835 2321 qui,
866 2270 912 2309 ut
937 2281 1000 2310 vs.
1028 2269 1098 2310 58.
1128 2268 1348 2319 docemur,
1379 2283 1538 2323 parvas
1564 2284 1671 2324 opes

173 2341 374 2392 habebat,
405 2356 617 2396 magnum
644 2346 738 2386 erat
767 2345 1014 2399 praemium.
1044 2370 1101 2373 —
1123 2343 1236 2388 Dum
1267 2346 1462 2402 pecoris,
1506 2347 1668 2398 hircus,

172 2421 222 2459 ut
247 2417 323 2460 Ov.
352 2418 456 2461 Met.
487 2419 534 2461 V.
566 2421 677 2463 327:
715 2420 827 2463 «dux
851 2422 1021 2475 gregis»
1062 2426 1130 2464 est
1167 2423 1294 2465 aries.
1324 2448 1381 2452 -—
1402 2436 1590 2479 parvas,
1621 2438 1671 2466 ex

172 2496 428 2539 coniectura
453 2497 670 2552 Postgatii
683 2513 695 2548 3
722 2500 774 2540 cf.
802 2499 922 2541 infra
938 2500 1037 2542 adn.
1056 2500 1151 2542 crit.
1172 2500 1227 2542 ad
1245 2501 1285 2542 h.
1315 2501 1342 2542 l.
1373 2504 1416 2542 et
1444 2500 1519 2543 Ov.
1540 2501 1667 2543 Trist.

169 2572 249 2615 -HL
285 2575 348 2624 10,
389 2575 592 2617 59—60:
638 2574 794 2616 «Ruris
832 2588 939 2630 opes
971 2589 1143 2632 Parme,
1185 2590 1321 2631 pecus
1360 2580 1404 2619 et
1435 2577 1670 2620 stridentia

172 2649 374 2704 plaustra
411 2651 467 2694 Et
505 2666 614 2706 quas
640 2652 818 2695 divitias
851 2653 999 2696 incola
1036 2668 1208 2708 pauper
1244 2654 1419 2696 habet».
1451 2679 1506 2682 —
1533 2666 1670 2697 verno

167 2726 375 2784 primum
391 2728 446 2772 de
469 2728 583 2785 flore
608 2741 827 2773 coronam
851 2728 985 2780 Fecit,
1011 2731 1161 2786 itaque
1179 2731 1352 2772 invenit
1379 2734 1518 2772 artem
1546 2743 1669 2772 coro-
