1942 3132
292 180 363 215 280
643 171 653 181 ‘
849 198 905 226 AD
925 198 974 227 11.
998 196 1031 234 5,
1055 196 1221 227 45—50.

290 311 519 353 considere
566 312 755 355 Teucros
801 313 1097 368 Errantesque
1145 314 1248 356 deos
1295 315 1546 370 agitataque
1591 317 1779 359 numina

290 388 471 430 Troiae».
499 413 557 417 —
585 388 764 445 hospita
801 391 940 445 terra,
967 390 1181 433 Troianos
1219 391 1414 445 hospitio
1442 395 1485 434 et
1522 392 1683 435 foedere
1709 408 1778 435 ex-

290 465 407 518 cepit
447 479 523 506 rex
563 465 775 517 Latinus;
817 469 870 509 cf.
898 468 1023 522 Verg.
1068 468 1175 510 Aen.
1209 467 1304 510 VH.
1348 469 1594 511 263—-265
1633 470 1779 521 (verba

289 541 480 594 Latini):
514 541 637 595 «Ipse
664 543 795 585 modo
821 545 1005 593 Aeneas,
1034 545 1174 585 nostri
1213 545 1251 586 si
1289 547 1415 586 tanta
1439 545 1598 599 cupido
1625 548 1703 597 est,
1733 545 1779 589 Si

289 618 415 672 iungi
452 619 647 674 hospitio
684 624 893 676 properat
929 622 1161 676 sociusque
1194 623 1351 672 vocari,
1379 622 1595 666 Adveniat
1631 626 1779 667 vultus

289 707 398 735 neve
440 695 717 738 exhorrescat
755 697 962 740 amicos».
991 723 1048 726 —
1073 696 1234 752 Lares,
1275 700 1325 739 ut
1366 711 1501 752 supra
1525 713 1586 741 vs.
1616 702 1697 750 20;
1725 702 1777 743 cf.

289 770 390 812 adn.
419 771 472 812 ad
498 772 541 813 h.
568 772 597 814 1.
617 797 674 801 -
691 774 877 816 sanctus
904 773 1009 828 eris,
1035 777 1085 815 ut
1110 775 1229 815 deus.
1249 799 1307 802 ——
1324 787 1426 817 cum
1452 776 1492 817 te
1516 774 1780 818 veneranda

289 845 474 889 Numici
507 845 640 891 Unda
665 848 796 892 deum
837 850 942 892 caelo
980 850 1154 893 miserit
1191 849 1459 907 Inffyctem,
1483 852 1654 894 Aeneas
1679 854 1780 906 post

290 937 487 978 pugnam
514 925 569 966 ad
593 925 846 967 Numicium
873 927 1179 977 commissam,
1209 941 1295 981 qua
1325 928 1534 970 Etruscos
1572 927 1780 969 Rutulos-

291 1014 375 1054 que
401 1001 630 1052 devicerat‚
657 1003 705 1043 in
742 1002 909 1044 flumen
949 1017 994 1045 se
1034 1005 1222 1045 coniecit
1258 1018 1340 1046 nec
1375 1007 1529 1058 postea
1554 1004 1674 1046 visus
1701 1007 1778 1055 est,

291 1078 368 1121 sed
407 1079 455 1119 in
496 1078 680 1120 deorum
721 1092 955 1120 numerum
997 1081 1163 1122 relatus
1204 1081 1322 1122 Iovis
1362 1080 1577 1135 Indigetis
1617 1095 1782 1123 nomen

291 1156 458 1209 accepit
473 1169 484 1204 3
512 1157 564 1197 cf.
592 1156 685 1198 Liv.
713 1157 747 1198 I.
775 1158 813 1206 Ξ,
844 1158 894 1198 6:
929 1157 1196 1198 «secundum
1221 1157 1325 1199 inde
1361 1158 1569 1212 proelium
1595 1159 1778 1209 Latinis,

291 1232 449 1273 Aeneae
477 1232 610 1274 etiam
635 1234 844 1274 ultimum
872 1247 1056 1287 operum
1082 1234 1178 1279 fuit.
1208 1233 1327 1275 Situs
1355 1236 1433 1283 est,
1462 1248 1781 1288 quemcumque

293 1321 393 1349 eum
420 1308 505 1350 dici
546 1309 616 1349 ius
656 1310 807 1363 fasque
847 1312 924 1361 est,
954 1324 1086 1364 super
1109 1310 1346 1352 Numicum
1383 1310 1593 1359 fluvium;
1632 1312 1781 1353 Iovem

289 1384 536 1438 Indigetem
578 1386 846 1440 appellant».
874 1411 931 1413 —
956 1385 1215 1429 veneranda
1252 1386 1435 1430 Numici
1471 1387 1615 1442 unda,
1651 1401 1781 1429 vene-

290 1463 428 1504 randa
454 1464 686 1517 praecipue‚
716 1464 819 1517 quia
836 1464 1030 1505 Aeneam
1057 1465 1236 1506 faecibus
1262 1465 1524 1506 mortalibus
1551 1465 1780 1518 purgavit;

291 1540 343 1580 cf.
372 1538 450 1581 Ov.
475 1539 579 1582 Met.
607 1540 720 1582 XIV.
762 1542 1018 1582 600—608:
1053 1541 1208 1582 «Hunc
1246 1543 1318 1593 (sc.
1352 1542 1620 1593 Numicium)
1657 1542 1779 1583 iubet

291 1617 363 1667 (se.
390 1615 554 1668 Venus)
581 1617 738 1658 Aeneae
777 1630 1060 1670 quaecumque
1099 1617 1288 1659 obnoxia
1325 1618 1470 1667 morti,
1509 1618 1698 1660 Abluere
1737 1621 1780 1660 et

290 1693 424 1734 tacito
452 1692 618 1734 deferre
646 1693 726 1735 sub
753 1707 928 1747 aequora
954 1707 1098 1735 cursu.
1127 1693 1337 1748 Corniger
1363 1695 1614 1748 exsequitur
1637 1694 1778 1736 Vene-

201 1773 205 1779 '
291 1768 352 1808 ris
393 1767 603 1809 mandata
645 1769 836 1823 suisque,
864 1770 1085 1824 Quidquid
1123 1770 1171 1812 in
1208 1770 1358 1811 Aenea
1397 1771 1541 1811 fuerat
1579 1771 1778 1819 mortale,

293 1848 502 1898 repurgat
526 1845 583 1886 Et
621 1846 833 1900 respersit
875 1847 1026 1900 aquis3
1067 1860 1170 1901 pars
1197 1847 1365 1900 optima
1400 1847 1562 1889 restitit
1587 1847 1666 1888 illi.
1695 1846 1780 1887 Lu-

292 1924 478 1964 stratum
520 1923 710 1976 genitrix
752 1922 901 1965 divino
943 1936 1102 1977 corpus
1145 1924 1277 1965 odore
1304 1924 1440 1966 Unxit
1480 1926 1535 1974 et,
1563 1924 1782 1965 ambrosia

293 1999 410 2040 dulci
437 2013 536 2040 cum
562 2002 738 2041 nectare
777 2001 924 2050 mixta,
955 2000 1151 2054 Contigit
1178 2014 1226 2042 os
1253 2001 1440 2054 fecitque
1480 2000 1622 2044 deum.
1652 2013 1781 2053 quem

293 2076 421 2117 turba
450 2077 622 2128 Quirini
647 2077 885 2130 Nuncupat
909 2076 1157 2130 Indigetem
1181 2077 1434 2130 temploque
1467 2078 1640 2130 arisque
1666 2090 1782 2119 rece-

291 2154 402 2206 pit».
435 2153 552 2194 Hinc
595 2154 711 2207 apud
737 2154 865 2208 Verg.
893 2154 999 2195 Aen.
1028 2154 1122 2196 VII.
1166 2155 1275 2196 242:
1310 2154 1470 2196 «fontis
1508 2153 1620 2195 vada
1661 2166 1784 2194 sacra

293 2229 489 2270 Numici»
522 2232 565 2270 et
591 2229 693 2271 ibid.
724 2231 983 2272 797—-798:
1018 2243 1301 2283 «sacrumque
1327 2230 1502 2272 Numici
1527 2230 1698 2271 Litus».
1729 2253 1785 2258 ——

294 2304 493 2361 Numici,
519 2308 769 2361 appellatur
795 2310 837 2348 et
862 2308 1074 2349 Numicus
1101 2310 1144 2349 et
1169 2307 1410 2348 Numicius.
1440 2332 1497 2335 —
1524 2306 1647 2360 caeZo,
1673 2307 1783 2348 dati·

293 2396 398 2424 vus:
427 2384 473 2423 in
500 2383 666 2425 caelum.

352 2459 400 2500 V.
445 2461 633 2502 45—50.
684 2461 833 2517 fessas
860 2495 867 2502 .
899 2494 906 2502 .
938 2495 944 2502 .
984 2474 1178 2516 puppes,
1228 2463 1408 2514 propter
1456 2460 1784 2514 navigationem

295 2534 445 2576 decem
472 2550 703 2578 annorum.
731 2561 789 2564 —
814 2537 973 2579 volitat
1009 2537 1222 2592 Victoria,
1249 2540 1315 2578 est
1341 2537 1460 2578 enim
1485 2536 1678 2578 Victoria
1704 2534 1785 2576 dea

295 2612 438 2662 alata;
479 2614 529 2655 cf.
572 2612 646 2655 Ov.
689 2613 815 2655 Trist.
855 2614 911 2655 II.
958 2615 1054 2655 171.
1098 2614 1150 2655 de
1176 2613 1395 2656 Victoria:
1430 2612 1784 2665 «Ausoniumque

295 2690 451 2732 ducem
470 2690 612 2732 solitis
630 2690 917 2731 circumvolet
943 2691 1067 2731 alis».
1087 2715 1145 2718 —-
1162 2689 1347 2733 Rutulis
1372 2687 1584 2733 incendia
1608 2687 1788 2741 eastris,
