1942 3132
782 198 840 229 m
859 198 891 228 1.
916 196 948 235 1,
975 195 1142 231 11—--14.
1651 182 1715 220 131

205 318 330 371 szalc‚
357 316 624 363 Germanice
652 312 728 358 die
752 325 866 357 neue
891 311 1176 368 Jahreszeit),
1194 313 1222 355 i.
1243 327 1278 355 e.
1298 327 1465 355 novum
1486 327 1575 363 ver,
1603 327 1721 358 nova

206 399 338 438 aestas
377 398 456 438 aut
492 405 637 436 novus
677 392 936 439 autumnus,
974 402 1071 444 quae
1110 391 1218 433 sunt
1253 391 1404 444 partes
1437 390 1545 432 anni
1584 391 1719 446 frugi-

203 473 336 522 ἵει-ως
375 483 524 531 annus
561 482 643 540 pro
681 469 808 523 parte
846 466 968 516 anni,
1011 468 1062 507 ut
1097 465 1206 508 Hor.
1247 464 1392 508 Carm.
1432 466 1510 508 ΙΙΙ.
1553 468 1621 517 23,
1666 468 1721 509 8:

212 549 455 604 «pomifero
481 560 615 601 grave
642 547 821 600 tempus
848 554 993 585 anno»
1002 542 1118 593 ,ubi
1145 543 1294 597 agitur
1323 542 1378 584 de
1415 546 1648 592 autumno,
1678 545 1722 585 et

206 626 347 681 Epod.
377 627 417 677 2,
446 626 529 668 929:
563 635 734 666 «annus
760 621 976 663 hibernus
1001 620 1164 663 Iovis».
1184 618 1494 672 —Libaturm
1524 634 1575 662 ex
1594 624 1720 675 parte

209 701 532 751 sacrificatum;
572 698 720 744 libare
760 698 881 740 enim
922 696 1145 751 significat
1184 697 1342 739 offerre
1381 695 1563 751 aliquid,
1604 696 1722 751 quod

207 780 483 835 decerpseris
525 792 578 821 ex
617 779 727 826 tote,
769 776 855 818 hoc
894 775 1022 818 loco:
1063 775 1288 829 primitias
1328 788 1380 816 ex
1421 774 1636 828 frugibus,
1663 795 1723 803 -ψ

208 856 428 914 ayricolae
446 855 644 912 ponitur
666 886 677 896 .
705 885 716 895 .
740 886 751 895 .
779 851 876 903 deo,
905 851 1175 906 apponitur;
1211 851 1398 906 ponitur
1422 865 1525 893 cum
1557 851 1720 900 dativo,

211 932 367 975 eodem
394 945 531 975 sensu
557 929 702 974 Cam
730 929 876 983 Priap.
905 930 974 978 21,
1005 929 1058 971 3:
1091 928 1311 983 «Quaeque
1336 928 1419 970 tibi
1444 928 1576 983 posui
1608 929 1723 969 tam-

208 1024 342 1066 quam
379 1009 622 1052 vernacula
657 1015 831 1062 pomam·
851 1009 896 1050 et
931 1006 1039 1049 ibid.
1067 1007 1138 1056 27,
1169 1007 1311 1049 3-4:
1345 1004 1584 1059 «Cymbala
1621 1018 1723 1047 cum

209 1088 402 1136 crotalis,
442 1086 687 1143 pruriginis
727 1098 864 1134 arma,
892 1085 1055 1139 Priapo
1088 1085 1242 1140 ponit»
1251 1099 1262 1134 3
1288 1083 1503 1139 Porphyr.
1531 1082 1589 1125 ad
1612 1081 1721 1124 Hor.

210 1163 356 1211 Carm.
382 1164 461 1206 ΠΙ.
491 1164 561 1214 23,
591 1164 643 1206 3:
676 1161 979 1204 «consuetudo
1006 1161 1105 1213 fuit,
1131 1163 1183 1203 ut
1207 1174 1358 1203 rerum
1388 1160 1613 1215 primitias
1639 1159 1723 1201 La·

210 1242 332 1284 ribus
357 1243 621 1296 ponerent».
649 1265 709 1269 -—
735 1239 950 1296 ayricolae
975 1272 987 1282 .
1015 1271 1026 1282 .
1054 1272 1065 1281 .
1092 1237 1191 1289 deo,
1218 1238 1300 1297 deo
1334 1237 1512 1281 cuidam
1541 1238 1723 1288 rustico,

210 1319 291 1360 uni
317 1332 369 1363 ex
393 1318 487 1360 illis
518 1316 752 1372 «agricolis
778 1315 1040 1366 caelitibus»,
1069 1329 1181 1371 quos
1205 1318 1340 1371 poeta
1364 1315 1485 1357 infra
1507 1305 1572 1357 11.‘
1598 1299 1723 1363 1336.

211 1395 413 1445 invocat3
440 1395 493 1437 cf.
522 1394 659 1436 etiam
684 1394 717 1435 I.
747 1394 789 1445 5,
816 1394 1007 1436 27—28.
1037 1393 1091 1435 de
1116 1393 1248 1435 Delia
1273 1392 1360 1435 diis
1384 1393 1564 1435 rusticis
1591 1391 1724 1434 sacri-

210 1471 400 1522 ficante;
438 1472 547 1514 «Illa
588 1471 671 1514 deo
719 1472 832 1513 sciat
873 1471 1080 1525 agricolae
1119 1477 1202 1525 p'ro
1230 1470 1410 1512 'vitibus
1451 1473 1597 1518 uvam,
1641 1469 1725 1511 Pro

212 1553 360 1606 segete
402 1551 562 1605 spicas,
603 1563 685 1604 pro
725 1562 858 1604 grege
900 1549 1015 1592 ferre
1054 1548 1259 1602 dapem»,
1287 1547 1406 1590 unde
1448 1548 1593 1589 elucet
1633 1560 1726 1588 non

213 1641 310 1672 esse
337 1628 391 1670 de
418 1626 618 1678 Silvano,
645 1630 698 1669 ut
722 1626 905 1682 quidam
931 1626 1104 1677 volunt,
1131 1625 1433 1680 cogitandum,
1461 1638 1569 1666 nam
1594 1624 1726 1666 muli-

214 1704 363 1747 eribus
387 1718 482 1747 non
522 1704 687 1746 licebat
715 1703 899 1747 Silvano
938 1702 1212 1752 sacrificare;
1239 1703 1292 1744 cf.
1321 1701 1415 1744 Cat.
1443 1701 1509 1743 De
1537 1714 1626 1754 agr.
1655 1702 1724 1742 83.

214 1781 270 1823 de
294 1785 399 1824 voto
424 1781 562 1824 Marti
600 1785 645 1823 et
683 1779 869 1824 Silvano
912 1780 1143 1822 faciendo:
1177 1779 1364 1822 «mulier
1400 1778 1457 1820 ad
1495 1791 1594 1820 eam
1631 1791 1728 1819 rem

214 1857 414 1900 divinam
452 1871 512 1900 ne
548 1858 668 1900 adsit
703 1871 815 1900 neve
842 1856 1004 1906 videat,
1033 1855 1258 1911 quomodo
1295 1854 1417 1904 fiat»;
1443 1855 1537 1896 Iuv.
1567 1853 1656 1898 Sat.
1685 1855 1725 1903 6,

214 1937 466 1978 446—447.
495 1935 549 1978 de
575 1935 763 1978 muliere
789 1935 910 1977 viros
947 1934 1180 1976 imitante:
1212 1931 1373 1975 «Crure
1410 1935 1543 1974 tenus
1581 1930 1728 1975 medio

218 2013 394 2055 tunicas
421 2013 679 2066 succingere
707 2011 852 2062 debet,
878 2011 1056 2054 Caedere
1084 2010 1267 2053 Silvano
1293 2023 1503 2065 porcum»
1530 2012 1576 2051 et
1601 2009 1728 2051 scho-

217 2090 335 2132 liast.
352 2090 409 2132 ad
426 2090 468 2132 h.
488 2091 517 2132 1.
535 2106 545 2133 ε
566 2090 696 2145 «quia
714 2088 898 2132 Silvano
914 2089 1127 2132 mulieres
1143 2102 1237 2131 non
1249 2088 1355 2130 h'cet
1369 2086 1659 2130 sacrificare».
1670 2111 1730 2116 --

217 2170 335 2218 ante,
363 2169 603 2222 antequam
632 2167 856 2209 humanos
881 2167 931 2209 in
954 2180 1064 2209 usus
1088 2180 1223 2222 poma
1250 2168 1579 2215 convertantur,
1606 2177 1727 2214 nam,

217 2247 279 2305 ut
308 2244 421 2286 Plin.
465 2243 515 2286 N.
558 2243 615 2286 H.
655 2243 814 2286 XVIIL
856 2245 895 2286 Ξ.
936 2242 1068 2285 dicit:
1102 2256 1182 2284 «ne
1221 2241 1518 2296 degustabant
1549 2240 1730 2295 quidem

219 2333 360 2363 novas
386 2321 537 2374 fruges
564 2323 641 2361 aut
657 2320 775 2370 vina,
800 2322 1043 2374 antequam
1070 2318 1323 2361 sacerdotes
1347 2317 1570 2372 primitias
1595 2315 1729 2358 libas-

220 2400 345 2440 sent»
390 2402 435 2440 et
461 2397 641 2440 Censor.
670 2397 735 2439 De
763 2397 834 2440 die
866 2400 958 2441 nat.
991 2398 1040 2440 1:
1073 2409 1199 2439 «cum
1236 2397 1530 2450 perceperant
1566 2395 1728 2448 fruges,

221 2478 461 2531 antequam
498 2477 797 2526 vescerentur,
837 2474 907 2518 dis
942 2475 1082 2518 libare
1120 2474 1454 2516 instituerunt».
1496 2471 1560 2515 cf.
1599 2471 1728 2526 Prop.

222 2554 295 2603 IV.
324 2555 364 2605 2,
391 2555 583 2597 45—46.
625 2552 678 2595 de
703 2552 978 2612 Vertumnof
1010 2552 1123 2595 «Nec
1160 2551 1245 2594 flos
1282 2550 1403 2593 ullus
1441 2549 1539 2591 hiat
1575 2549 1727 2603 pratis,

223 2632 333 2688 quin
359 2632 435 2674 ille
462 2631 674 2674 decenter
698 2630 944 2684 Impositus
970 2630 1108 2673 fronti
1132 2630 1347 2684 langueat
1371 2631 1477 2670 ante
1494 2640 1628 2668 meae»
1650 2626 1675 2667 i.
1693 2639 1728 2667 e.

226 2711 466 2763 antequam
493 2706 715 2762 capitibus
740 2706 977 2749 hominum
1006 2706 1278 2762 imponatur.

1543 2784 1588 2817 9*
