1942 3132
756 215 814 245 u>
832 215 881 245 11.
903 213 938 252 5,
961 213 1127 244 71—74.
1620 199 1690 234 Ξ87

195 335 363 380 bellum
403 333 666 389 portendere
707 332 946 376 credebant
986 332 1185 386 antiqui;
1228 333 1280 374 cf.
1320 331 1446 386 Verg.
1489 332 1595 374 Aen.
1637 330 1691 373 X.

197 411 455 455 272--273:
490 410 613 453 «Non
652 423 780 453 secus
804 423 855 452 ac
879 409 1051 464 liquida
1076 410 1114 451 si
1140 408 1317 464 quando
1356 411 1484 451 nocte
1511 411 1692 451 cometae

197 487 441 543 Sanguinei
465 488 650 542 lugubre
674 487 858 530 rubent»
890 489 934 530 et
959 486 1189 530 Claudian.
1207 486 1338 540 Bapt.
1357 486 1478 528 Pros
1497 486 1692 528 123⁵.)—

197 566 309 608 234:
341 578 456 607 «non
495 565 620 607 illam
658 563 811 607 navita
847 566 958 615 tuto,
987 564 1086 607 Non
1123 565 1308 619 impune
1334 563 1487 605 vident
1522 561 1691 617 populi,

196 641 274 685 sed
310 643 431 690 crine
469 642 633 684 minaci
658 642 845 684 Nuntiat
881 643 960 684 aut
997 642 1168 683 ratibus
1199 643 1357 683 ventos
1395 642 1473 682 aut
1509 639 1693 681 urbibus

196 719 390 761 hostes».
419 718 647 761 Cometam
679 718 813 773 paulo
851 720 954 772 post
980 717 1167 761 Caesaris
1204 719 1393 759 mortem
1434 715 1694 772 apparuisse

194 797 386 838 testatur
412 794 531 838 Suet.
559 795 665 838 Caes.
694 795 776 838 88:
810 795 966 846 «ludis,
1005 808 1116 849 quos
1154 795 1324 850 primos
1362 795 1620 836 consecrato
1654 793 1692 833 ei

195 872 325 915 heres
350 873 573 926 Augustus
599 872 767 921 edebat,
796 872 925 914 stella
950 872 1113 914 crinita
1149 885 1230 926 per
1260 875 1431 926 septem
1456 871 1694 913 continuos

196 949 291 992 dies
318 950 486 998 fulsit»;
511 949 663 1004 plures
688 961 741 991 eo
767 951 968 1003 tempore
1005 951 1201 991 cometas
1226 949 1347 991 visos
1373 962 1470 990 esse
1502 944 1696 990 affirmat

196 1025 324 1081 Verg.
368 1026 445 1069 Ge.
487 1026 520 1068 L
554 1027 667 1069 488:
700 1039 806 1068 «nec
847 1025 934 1068 diri
973 1027 1140 1068 totiens
1181 1039 1328 1068 arsere
1369 1028 1597 1074 cometae»;
1639 1025 1691 1065 cf.

196 1103 353 1146 Manil.
393 1103 427 1146 Ι.
470 1104 733 1146 907—909:
780 1116 886 1145 «nec
925 1103 1057 1157 plura
1097 1104 1209 1146 alias
1248 1103 1456 1145 incendia
1501 1101 1696 1144 mundus

198 1179 431 1228 Sustinuit,
460 1194 594 1236 quam
620 1194 721 1223 cum
748 1180 934 1223 ducibus
971 1181 1117 1223 iurata
1148 1181 1343 1223 cruentis
1367 1181 1502 1222 Arma
1526 1179 1695 1233 Philip-

195 1270 305 1313 peos
342 1258 588 1312 implerunt
614 1258 791 1312 agmine
830 1271 1053 1312 campos».
1082 1283 1140 1287 —-
1166 1257 1339 1301 Multus
1375 1259 1427 1300 ut
1462 1257 1514 1300 in
1551 1258 1696 1300 terras

196 1333 512 1391 deplueretque
538 1335 672 1391 lapis,
698 1336 878 1390 supple:
907 1337 950 1377 et
975 1335 1181 1378 dixerunt
1207 1336 1312 1386 fore,
1340 1337 1392 1377 ut
1418 1337 1500 1377 etc.
1526 1334 1695 1376 Imbres

198 1413 329 1463 saxei,
357 1412 563 1466 trequens
600 1414 911 1466 portentorum
949 1425 1102 1467 genus,
1138 1426 1252 1466 saepe
1290 1413 1698 1454 commemorantur

197 1490 316 1544 apud
353 1489 531 1532 Livium
567 1491 634 1543 (ut
670 1489 827 1532 XXIX.
872 1491 940 1540 10,
971 1491 1026 1532 4:
1058 1490 1209 1532 «libris
1248 1489 1479 1543 Sibyllinis
1515 1491 1697 1544 propter

195 1567 394 1609 crebrius
419 1579 471 1608 eo
498 1580 617 1609 anno
643 1566 892 1620 lapidatum
917 1567 1187 1622 inspectis»)‚
1217 1566 1294 1609 sed
1311 1566 1431 1621 apud
1451 1566 1696 1620 Vergilium

198 1645 227 1687 L
255 1645 283 1687 l.
326 1645 444 1686 inter
482 1644 686 1699 prodigia
725 1648 827 1699 post
867 1647 1060 1687 mortem
1101 1644 1287 1687 Caesaris
1327 1644 1423 1686 visa
1462 1645 1590 1686 nulla.
1630 1647 1698 1685 est

199 1721 335 1763 huius
365 1721 429 1762 rei
462 1721 644 1762 mentio.
674 1721 771 1763 Hoc
809 1734 951 1762 unum
987 1721 1123 1775 igitur
1145 1720 1348 1763 TibuHus
1373 1720 1426 1762 de
1465 1734 1546 1763 suo
1573 1719 1695 1762 addi-

198 1798 275 1840 dit.
303 1822 360 1826 —
387 1796 716 1853 deplueretque,
742 1798 997 1840 coniunctio
1021 1810 1135 1856 -que
1159 1802 1260 1852 post
1285 1798 1494 1852 quintum
1520 1800 1697 1840 senten-

199 1876 272 1917 tiae
298 1875 507 1923 verbum:
535 1876 588 1916 cf.
617 1874 716 1916 adn.
746 1888 880 1928 supra
913 1873 968 1917 ad
992 1875 1026 1916 Ι.
1059 1876 1125 1924 10,
1153 1876 1236 1918 51:
1269 1875 1500 1917 «Rusticus
1527 1889 1549 1917 e
1575 1875 1695 1917 luco-

199 1965 326 2007 que».
353 1976 411 1980 —
438 1950 586 2007 Atque
612 1951 747 1995 tubas
774 1954 909 2007 atque
935 1964 1070 1995 arma
1093 1952 1246 2008 ferunt
1273 1953 1563 2008 strepitantia
1589 1953 1696 1996 caelo

198 2027 390 2083 Audita,
415 2030 468 2071 cf.
497 2028 622 2083 Verg.
652 2027 730 2071 Ge.
748 2028 781 2071 L
800 2030 1061 2072 474—475:
1095 2030 1352 2073 «Armorum
1381 2031 1577 2073 sonitum
1603 2032 1696 2072 toto

200 2105 441 2149 Germania
481 2106 586 2148 caelo
613 2106 787 2148 Audiit»
820 2109 864 2148 et
889 2105 967 2149 Ov.
993 2106 1098 2149 Met.
1126 2106 1216 2149 XV.
1246 2108 1506 2150 783-—7852
1540 2108 1698 2149 «Arma

200 2184 351 2225 ferunt
387 2183 503 2224 inter
540 2183 691 2237 nigras
727 2183 991 2237 crepitantia
1028 2184 1171 2226 nubes
1208 2184 1529 2238 Terribilesque
1565 2184 1697 2226 tubas

200 2259 438 2313 auditaque
465 2272 632 2301 cornua
657 2259 764 2301 caelo
789 2259 1111 2302 Praemonuisse
1143 2261 1312 2302 nefas».
1342 2285 1399 2288 —-
1427 2260 1548 2303 lucos
1568 2272 1695 2316 proe-

201 2335 402 2379 cinuisse
436 2337 616 2392 fumun,
654 2337 707 2379 cf.
734 2336 862 2392 Verg.
891 2337 968 2380 Ge.
1007 2338 1041 2380 L
1069 2339 1334 2381 476—477:
1367 2337 1486 2379 «Vox
1524 2350 1696 2392 quoque

200 2427 280 2468 per
302 2414 428 2455 lucos
452 2414 585 2467 vulgo
612 2413 815 2456 exaudita
855 2414 1038 2457 silentes
1073 2415 1264 2470 Ingens»
1297 2419 1341 2457 et
1366 2414 1442 2457 Ov.
1470 2414 1577 2456 Met.
1605 2414 1695 2456 XV.

201 2490 462 2532 792—793:
510 2492 778 2545 «cantusque
824 2491 1029 2534 feruntur
1067 2491 1220 2534 Auditi
1267 2492 1434 2534 sanctis
1482 2495 1526 2534 et
1566 2492 1698 2534 verba

199 2567 394 2609 minacia
435 2566 588 2608 lucis».
630 2566 784 2610 Simile
826 2570 893 2610 est
935 2568 1052 2623 apud
1092 2569 1186 2611 Liv.
1229 2568 1285 2610 II.
1326 2569 1364 2619 7,
1409 2570 1460 2611 ⁶2:
1494 2568 1697 2610 «silentio

200 2643 410 2698 proximae
451 2644 596 2685 noctis
637 2657 689 2686 ex
729 2645 842 2687 silva
871 2645 1000 2688 Arsia
1039 2646 1269 2700 ingentem
1311 2645 1477 2687 editam
1517 2658 1696 2693 vocem3

202 2717 372 2762 Silvani
398 2733 550 2762 vocem
577 2733 676 2763 eam
708 2721 963 2765 creditam».
990 2747 1049 2752 —
1073 2723 1252 2780 sugam,
1278 2736 1333 2764 sc.
1363 2722 1697 2776 Philippensem
