1942 3132
494 750 581 802 IN
620 749 1002 802 NATALEM
1040 745 1489 800 MESSALLAE.

822 965 909 1004 Lib.
939 965 971 1003 Ι.
1003 965 1114 1013 eleg.
1137 966 1172 1002 7.

314 1126 685 1169 Introductio.
717 1126 937 1167 Messaflae
963 1126 1081 1166 diem
1119 1125 1313 1165 natalem
1352 1123 1649 1165 celebraturus
1677 1137 1745 1164 or-

258 1205 376 1246 ditur
402 1218 426 1245 a
452 1204 637 1245 victoria
662 1203 924 1256 Aquitanica
952 1205 1054 1242 ante
1081 1202 1249 1254 aliquot
1276 1213 1417 1241 annos
1444 1200 1526 1241 hoc
1552 1201 1648 1253 ipso
1675 1199 1745 1241 die

260 1283 495 1335 reportata,
524 1282 676 1321 narrat
713 1279 991 1332 triumphum
1018 1280 1333 1330 enumeratque
1361 1277 1563 1329 regiones
1591 1275 1746 1318 Galliae

260 1360 313 1401 ab
342 1373 392 1401 eo
421 1360 601 1412 pacatas
624 1358 811 1409 (1—-12).
833 1356 1008 1397 Transit
1034 1368 1135 1395 mox
1162 1355 1215 1395 ad
1242 1357 1406 1396 ceteras
1434 1367 1502 1395 res
1528 1353 1749 1395 Messallae

259 1436 307 1476 in
333 1434 501 1485 Cilicia,
530 1434 667 1488 Syria,
695 1433 923 1474 Phoenicia
950 1435 991 1473 et
1016 1432 1212 1484 Aegypto
1244 1433 1391 1483 gestas
1416 1431 1636 1481 (13—22.)
1661 1431 1747 1471 fac-

259 1515 390 1566 taque
416 1512 504 1552 Nili
538 1511 779 1559 mentione,
821 1509 1114 1550 exundatione
1155 1521 1232 1548 sua
1272 1507 1519 1561 Aegyptum
1557 1507 1752 1549 fertilemv

260 1587 496 1636 reddentis,
536 1587 712 1629 deducit
751 1587 997 1627 orationem
1028 1584 1082 1625 ad
1120 1582 1350 1633 Osiridem,
1393 1582 1524 1624 deum
1549 1583 1747 1637 Aegypti,

261 1678 391 1718 quem
419 1663 559 1705 Graeci
584 1677 684 1704 cum
701 1662 874 1704 Baccho
902 1674 980 1702 suo
999 1659 1342 1710 confundebant,
1366 1673 1566 1713 eumque,
1595 1660 1749 1701 inven-

260 1745 403 1783 torem
442 1740 732 1794 agricultmae,
772 1739 925 1780 multis
962 1737 1107 1779 verbis
1145 1737 1297 1778 laudat
1335 1737 1552 1788 (ΞΒ-48).
1580 1736 1750 1778 Deinde

264 1817 319 1859 ad
343 1800 460 1859 diem
487 1817 682 1859 natalem
711 1818 934 1858 revertens
956 1815 1132 1856 invocat
1158 1812 1378 1855 Osiridem
1406 1814 1495 1854 sive
1513 1813 1747 1863 Bacchum,

262 1895 426 1936 laetitiae
465 1895 678 1943 datorem,
707 1896 755 1935 ut
778 1893 930 1934 veniat
967 1892 1023 1933 ad
1050 1890 1242 1933 Genium
1267 1889 1488 1931 Messallae
1527 1890 1751 1931 celebran-

264 1972 369 2014 dum
396 1973 579 2025 oratque
608 1970 800 2013 Genium
826 1970 988 2023 ipsum,
1015 1970 1064 2009 ut
1091 1968 1226 2009 sacris
1265 1967 1356 2008 suis
1394 1968 1614 2021 propitius
1640 1966 1757 2009 adsit

264 2048 481 2100 (49—54).
511 2047 621 2088 Tum
648 2047 703 2087 ad
730 2047 927 2087 futurum
952 2047 1127 2098 tempus
1166 2056 1378 2084 conversa
1404 2043 1603 2084 oratione
1631 2045 1755 2096 optat

264 2123 494 2174 Messallae,
523 2126 573 2164 ut
597 2122 713 2164 filios
751 2122 914 2163 habeat
951 2121 1148 2162 illustres
1174 2120 1395 2171 (55—k56.)
1420 2119 1754 2173 gratulaturque

267 2201 306 2241 ei
331 2200 449 2243 viam
474 2200 683 2241 Latinam
709 2199 930 2240 munienti
956 2198 1220 2251 laudemque
1246 2197 1401 2250 populi
1430 2196 1483 2238 ob
1511 2195 1556 2237 id
1580 2209 1752 2250 prome-

267 2278 382 2318 renti
404 2278 620 2328 (57—62).
640 2277 847 2317 Precatur
872 2275 1073 2329 denique,
1103 2277 1152 2315 ut
1179 2274 1271 2315 dies
1297 2272 1459 2315 natalis
1486 2274 1616 2314 amici
1642 2287 1753 2315 sem*

267 2367 345 2407 per
370 2353 541 2394 felicior
566 2355 811 2394 revertatur
836 2353 961 2404 (63—
971 2353 1053 2403 64).

326 2429 536 2470 Messalla
573 2429 850 2482 triumphum
889 2429 977 2482 egit
1015 2441 1050 2468 a.
1093 2426 1132 2467 d.
1162 2426 1255 2467 VII.
1295 2426 1390 2467 Kal.
1421 2424 1512 2467 Oct.
1536 2439 1589 2483 a.
1619 2427 1686 2468 27.
1716 2439 1752 2467 a.

270 2505 369 2548 Chr.
397 2519 468 2553 n.;
496 2506 546 2545 cf.
577 2504 668 2547 CIL
700 2507 734 2547 1.
775 2520 815 2559 p.
855 2507 955 2547 461.
998 2504 1167 2558 Scripta
1205 2506 1271 2545 est
1309 2502 1449 2556 elegia
1485 2502 1618 2557 paulo
1655 2506 1757 2556 post

270 2583 388 2624 hunc
413 2581 689 2635 triumphum
715 2583 762 2622 in
788 2582 906 2623 diem
932 2582 1127 2624 natalem
1153 2581 1385 2624 Messallae.

329 2658 378 2699 V.
413 2658 534 2699 1„.4‚
565 2655 703 2698 Hunc
741 2658 935 2699 cecinere
968 2657 1088 2699 diem
1114 2660 1207 2704 etc„
1237 2656 1503 2698 constructio
1538 2659 1603 2698 est
1627 2656 1756 2699 talis:

271 2737 390 2777 hunc
431 2734 547 2776 diem
588 2734 836 2776 vaticinatae
879 2738 983 2775 sunt
1023 2735 1166 2776 Parcae
1209 2739 1252 2776 et
1290 2733 1596 2789 praedixerunt,
1639 2733 1758 2774 hunc
