1942 3132
782 742 1147 799 NEMESIS.

941 946 975 989 Ι,

771 1087 860 1128 Lib.
888 1087 944 1127 H.
974 1087 1087 1138 eleg.
1115 1089 1155 1127 4.

269 1214 641 1259 Introductn’o.
667 1214 806 1257 Poeta
831 1214 1055 1263 Nemesin,
1083 1214 1284 1268 puellam
1323 1227 1503 1256 avaram
1545 1216 1589 1256 et
1613 1227 1710 1255 cru·

211 1294 355 1336 delem
382 1295 518 1342 amat,
544 1305 642 1346 quae
668 1291 709 1333 ei
734 1291 863 1333 triste
895 1291 1127 1333 servitium
1150 1292 1324 1345 paravit
1349 1292 1511 1343 (1—6).
1537 1291 1710 1332 Descri-

210 1371 277 1413 bit
314 1370 501 1415 dolores.
542 1383 653 1424 quos
689 1371 873 1424 propter
910 1382 1009 1411 eam
1046 1369 1217 1423 patitur
1249 1369 1443 1421 (7—12).
1480 1369 1641 1423 Apollo
1669 1372 1712 1411 et

210 1448 350 1491 Musae
374 1461 496 1490 nunc
521 1448 639 1489 nihil
664 1449 855 1502 prosunt
892 1447 932 1488 ei
958 1448 1179 1498 (13—20).
1207 1446 1291 1488 Per
1316 1445 1482 1488 caedem
1508 1448 1552 1487 et
1578 1445 1710 1488 sacri-

210 1526 378 1581 legium
416 1525 537 1567 dona
577 1538 771 1578 quaerere
814 1527 1044 1578 postremo
1083 1526 1266 1577 cogetur
1302 1524 1525 1575 (21—26).
1565 1523 1710 1575 Quare

212 1604 464 1645 exsecratur
487 1602 685 1655 primum
723 1603 927 1642 auctores
970 1603 1014 1643 et
1050 1601 1353 1643 instrumenta
1389 1600 1587 1649 luxuriae,
1615 1613 1711 1654 quae

210 1681 385 1735 puellas
423 1681 590 1722 faciant
628 1692 784 1721 avaras
822 1680 1058 1730 (ΞΠ-38),
1099 1678 1261 1720 deinde
1300 1677 1526 1720 Nemesim
1566 1677 1711 1732 ipsam

210 1757 432 1808 (39—44).
479 1755 647 1798 Contra
687 1755 844 1797 laudat
883 1755 1024 1797 bonas
1064 1756 1284 1806 (45—50).
1327 1754 1381 1796 In
1420 1753 1509 1795 fine
1559 1756 1711 1796 tamen

212 1834 436 1876 submittit
464 1847 511 1875 se
549 1832 737 1887 imperio
763 1831 956 1873 dominae
982 1832 1174 1886 dicitque
1203 1845 1248 1873 se
1287 1831 1478 1873 tolerare
1504 1833 1712 1885 paratum

213 1924 310 1953 esse
335 1910 497 1952 ultima
532 1910 666 1961 mala,
705 1923 801 1964 quae
840 1909 925 1951 sibi
962 1909 1229 1963 imposuerit
1265 1909 1428 1963 puella,
1469 1907 1711 1950 dummodo

211 1987 388 2043 placida
413 1988 473 2029 sit
497 1988 717 2039 (51—60).

271 2064 474 2107 Nemesis
502 2068 570 2106 est
594 2078 762 2107 nomen
798 2063 978 2115 fictum:
1001 2077 1155 2106 verum
1192 2065 1355 2119 puellae
1392 2077 1560 2106 nomen
1586 2063 1711 2118 igno-

214 2143 410 2184 ramus*

272 2219 324 2262 V.
354 2220 480 2262 1—6.
507 2218 609 2273 Hic,
634 2220 683 2262 in
710 2220 795 2262 hoc
819 2233 970 2262 rerum
993 2222 1124 2263 statu.
1143 2220 1192 2261 in
1210 2220 1293 2262 hoc
1312 2232 1476 2261 amore.
1494 2215 1710 2261 —liber-

214 2281 311 2341 tas'.
327 2331 336 2339 .
356 2331 366 2339 .
387 2298 601 2352 paterna,
618 2310 644 2339 a
669 2300 796 2352 patre
823 2301 1014 2352 accepta,
1043 2300 1094 2339 ut
1120 2297 1198 2339 Ov.
1225 2297 1328 2340 Met.
1354 2297 1432 2339 111.
1451 2298 1709 2339 590—591:

218 2374 528 2427 «moriensque
553 2373 667 2415 mihi
703 2374 820 2416 nihil
846 2374 923 2416 ille
948 2374 1129 2429 reliquit
1165 2374 1331 2416 Praeter
1369 2387 1531 2428 aquas:
1571 2387 1711 2415 unum

212 2451 297 2493 hoc
318 2463 503 2505 possum
520 2452 748 2506 appellare
764 2455 1046 2507 paternum».
1065 2477 1122 2482 —
1139 2452 1239 2506 illa,
1256 2452 1458 2494 vocativo
1477 2451 1709 2501 adiectum,

212 2531 263 2571 ut
286 2528 406 2570 infra
442 2528 500 2570 H.
535 2529 573 2578 3,
615 2529 697 2571 74:
745 2542 867 2572 «mos
907 2543 1066 2584 precor
1108 2530 1184 2572 ille
1222 2529 1362 2572 redi».
1389 2532 1712 2585 —teneorque

213 2604 403 2656 cateniS,
441 2607 492 2646 ut
532 2617 686 2647 servus
722 2605 839 2647 male
877 2605 1080 2655 habitus;
1119 2606 1172 2648 cf.
1212 2606 1314 2648 adn,
1354 2620 1489 2661 supra
1527 2605 1583 2648 ad
1607 2606 1641 2647 Ι.
1670 2607 1709 2653 6,

273 2769 295 2792 *
320 2768 376 2804 cf.
400 2768 504 2804 infra
528 2769 690 2803 Excurs.
714 2768 783 2805 IX.

286 2850 462 2886 Nemeum:
479 2852 564 2880 Ateii
585 2851 703 2880 Tibulli
723 2853 888 2881 camina.
1526 2842 1569 2876 16
