1942 3132
248 207 316 242 118
817 219 873 247 AD
893 219 924 248 1.
948 217 981 256 3,
1006 216 1173 256 33—40.

246 339 384 380 miam
420 337 681 390 Aegyptum.
722 336 826 390 Ipsa
862 335 948 377 Isis
988 348 1103 388 saepe
1141 336 1327 376 vocatur
1363 334 1539 385 Pharia,
1579 338 1629 376 ut
1668 334 1746 377 Ov.

243 415 362 456 Fast.
390 414 440 456 V.
471 415 569 455 619.
599 414 643 453 et
665 412 714 454 A.
741 411 790 454 A.
818 412 896 454 III.
926 413 1011 454 635
1026 426 1038 461 3
1073 410 1181 453 Min.
1209 411 1302 453 Fel.
1331 413 1400 461 21,
1431 412 1469 453 2.
1488 436 1547 440 —-
1572 410 1748 465 debeat,

245 505 301 534 sc.
332 505 383 533 ex
407 494 525 533 voto.

254 607 256 610 .
302 568 352 609 V.
382 567 570 609 33—34.
598 564 774 620 patrios
811 563 1041 607 celebrare
1067 563 1276 615 Penates,
1302 565 1406 617 post
1431 563 1607 605 felicem
1631 562 1746 604 redi—

242 649 339 689 tum
364 644 484 686 domi
510 655 694 684 manere
721 644 765 684 et
788 641 1117 701 Penatessmeos
1136 641 1342 694 religiose
1369 641 1540 692 colere;
1567 654 1745 683 versum

242 722 444 766 imitatur
470 719 546 761 Ov.
576 719 703 759 Trist.
731 717 780 759 V.
810 718 849 767 8,
878 719 930 760 9:
965 718 1044 758 «Et
1081 730 1266 771 parvam
1305 717 1530 758 celebrare
1561 718 1746 760 domum

240 801 499 850 veteresque
536 796 770 837 Penates».
799 818 858 822 —
885 793 1127 846 celebrare,
1166 794 1376 847 religiose
1404 794 1562 843 colere,
1589 796 1641 835 ut
1666 793 1742 853 Ov.

240 876 359 917 Fast.
387 872 734 915 11:639—640:
768 871 886 912 «Nox
913 868 1000 915 rubi
1037 870 1279 919 transierit,
1325 870 1457 911 solito
1497 871 1745 912 celebretur

240 948 422 996 honore,
453 944 638 998 Separat
661 943 826 984 indicio
855 943 931 997 qui
957 942 1065 984 deus
1093 956 1198 984 arva
1225 957 1350 986 suo».
1379 969 1437 973 ——
1465 945 1656 1000 antiquo
1673 978 1683 987 .
1703 964 1740 988 ..

240 1022 367 1076 Lari,
395 1023 447 1065 cf.
477 1035 610 1075 supra
646 1021 680 1063 Ι.
713 1022 780 1071 10,
811 1021 1010 1063 17—18:
1043 1020 1163 1062 «Neu
1197 1021 1363 1074 pudeat
1388 1023 1535 1075 prisco
1561 1036 1640 1064 vos
1667 1024 1741 1074 (sc.

238 1102 392 1153 Lares)
419 1112 515 1142 esse
543 1112 565 1140 e
608 1098 758 1150 stipite
802 1098 955 1145 factos,
1001 1095 1072 1138 Sic
1112 1098 1276 1138 veteris
1319 1097 1447 1140 sedes
1489 1099 1743 1142 incoluistis

240 1178 351 1220 avi».
371 1201 430 1206 —
446 1176 685 1218 menstrua
711 1175 832 1226 tura,
861 1173 1166 1215 sacrificabant
1183 1174 1374 1216 Laribus
1399 1177 1569 1217 mensis
1597 1175 1742 1218 cuius-

222 1243 323 1308 >que
349 1252 563 1294 Kalendis
578 1266 589 1301 ;
616 1251 669 1292 cf.
697 1250 804 1291 Hor.
833 1248 975 1292 Carm.
1003 1249 1080 1291 ΙΠ.
1110 1251 1179 1299 23,
1213 1252 1352 1293 1-*42
1386 1250 1528 1293 «Caelo
1557 1254 1742 1306 supinas

238 1332 275 1373 si
301 1329 456 1372 tuleris
494 1341 656 1369 manus
695 1327 913 1369 Nascente
951 1327 1072 1376 luna,
1114 1327 1280 1368 rustica
1317 1327 1518 1381 Phidyle,
1560 1328 1607 1372 Si
1643 1332 1740 1371 ture

236 1406 434 1462 placabis
473 1408 515 1446 et
552 1405 697 1446 horna
734 1403 891 1456 Fruge‘
918 1403 1100 1452 Lares»;
1140 1403 1269 1457 Prop.
1309 1404 1382 1445 IV.
1419 1406 1456 1453 3,
1487 1406 1569 1447 53:
1603 1406 1740 1447 «raris

237 1484 422 1525 adsueta
445 1482 660 1523 Kalendis
685 1480 768 1522 Vix
795 1480 938 1533 aperit
964 1481 1140 1521 clausos
1167 1494 1258 1521 una
1283 1482 1437 1535 puella
1462 1481 1641 1523 Lares».

294 1559 343 1601 V.
386 1559 574 1601 35—40.
610 1556 761 1599 Tellus
802 1556 852 1598 in
893 1555 1055 1612 lonyas
1099 1556 1164 1597 cst
1199 1557 1436 1613 patefacta
1475 1557 1591 1609 vias,
1633 1572 1740 1600 nam

235 1636 523 1677 aureaaetate
549 1647 642 1675 non
668 1634 869 1674 fecerunt
893 1633 1057 1675 itinera
1084 1633 1316 1682 homines3
1355 1633 1504 1675 locum
1536 1635 1740 1676 imitatur

235 1712 310 1754 Ov.
345 1713 440 1753 Am.
469 1710 523 1752 ΙΙ.
558 1712 622 1760 16,
654 1711 735 1752 76:
769 1709 845 1750 «In
871 1710 1029 1762 longas
1057 1709 1207 1750 orbem
1236 1710 1312 1763 qui
1338 1723 1516 1752 secuere
1544 1711 1663 1753 vias»
1696 1714 1739 1753 et

233 1789 337 1831 ibid.
364 1802 428 1831 vs.
460 1789 539 1830 18:
573 1786 643 1830 «Si
670 1787 755 1828 fuit
779 1786 827 1827 in
865 1787 1022 1839 longas
1060 1789 1179 1827 terra
1219 1787 1409 1829 secanda
1441 1788 1578 1830 vias».
1606 1812 1666 1817 —
1690 1789 1740 1831 in

236 1866 398 1922 longas
424 1898 433 1907 .
463 1898 473 1906 .
502 1897 511 1906 .
540 1864 654 1915 vias,
682 1863 739 1905 ad
763 1864 899 1916 longa
935 1864 1099 1905 itinera
1137 1865 1367 1914 facienda:
1405 1865 1457 1907 in
1494 1867 1615 1909 enim
1654 1867 1738 1908 hoc

232 1943 330 1985 loco
377 1941 658 1996 propositum
700 1939 931 1993 significat.
975 1965 1034 1969 -
1072 1938 1292 1983 Nondum
1343 1942 1559 1985 caeruleas
1596 1942 1738 1998 pinus

234 2018 555 2063 conscenderat
591 2016 758 2068 undas,
797 2018 946 2059 locum
986 2018 1189 2060 imitatur
1230 2018 1305 2061 Ov.
1335 2019 1440 2069 Met,
1469 2019 1503 2061 I.
1534 2021 1735 2062 94-95:

239 2096 472 2138 «Nondum
497 2108 610 2136 caesa
637 2094 742 2143 suis,
781 2095 1069 2148 peregrinum
1094 2098 1146 2136 ut
1176 2095 1340 2138 viseret
1378 2096 1544 2145 orbem,
1571 2096 1735 2139 Monti-

232 2173 314 2214 bus
340 2174 389 2214 in
414 2171 607 2226 liquidas
643 2172 779 2225 pinus
818 2171 1109 2214 descenderat
1133 2172 1322 2214 undas».
1352 2172 1414 2215 Cf.
1445 2174 1580 2216 etiam
1605 2173 1732 2228 Verg.

231 2249 340 2290 Aen.
391 2249 429 2295 I.¹
475 2249 584 2290 381:
638 2247 736 2289 «Bis
788 2247 914 2289 denis
964 2248 1206 2302 Phrygium
1257 2250 1497 2291 conscendi
1545 2250 1734 2292 navibus

232 2339 421 2379 aequor».
464 2349 522 2353 ——
564 2323 777 2380 Effusum
803 2357 812 2366 .
841 2357 851 2365 .
880 2357 890 2365 .
920 2324 1089 2376 sinum,
1134 2338 1190 2366 sc.
1237 2327 1387 2367 sinum
1428 2327 1640 2374 velorum,
1682 2330 1733 2370 ut

232 2400 307 2442 Ov.
334 2401 383 2441 A.
411 2400 459 2441 A.
487 2400 565 2442 ΙΙΙ.
594 2401 706 2441 50οε
741 2400 987 2454 «Plenaque
1028 2403 1209 2443 curvato
1250 2402 1447 2455 pandere
1473 2402 1573 2444 vela
1598 2403 1725 2444 sinu»

232 2480 274 2519 et
299 2477 425 2530 Prop.
453 2476 531 2518 HI.
561 2478 599 2526 9,
631 2478 712 2519 30:
741 2477 975 2519 «velorum
1001 2477 1158 2531 plenos
1186 2478 1412 2520 subtrahis
1437 2479 1534 2532 ipse
1559 2479 1726 2520 sinus».

232 2552 294 2595 Of.
337 2553 472 2594 etiam
496 2552 623 2606 Verg.
662 2554 771 2595 Aen.
814 2554 892 2595 III.
927 2555 1043 2604 455„
1071 2554 1121 2596 V.
1155 2556 1220 2597 16.
1251 2558 1294 2596 et
1321 2556 1418 2597 381.
1446 2579 1505 2583 ——
1535 2554 1727 2609 praebu-

232 2632 429 2685 eratque,
455 2629 709 2671 coniunctio
739 2644 852 2687 -que
888 2635 991 2685 post
1027 2633 1211 2674 tertium
1233 2633 1480 2678 ,sententiae
1517 2632 1727 2682 verbum3

232 2708 284 2748 cf.
334 2706 431 2749 adn.
483 2719 616 2759 supra
662 2706 717 2747 ad
758 2707 790 2748 Ι.
840 2709 906 2757 10,
946 2710 1028 2750 51:
1073 2709 1306 2751 «Rusticus
1348 2722 1370 2750 e
1410 2708 1644 2761 lucoque».
1669 2733 1727 2737 —
