1942 3132
273 234 342 268 326.
776 263 777 266 ,
867 247 1085 277 ExcURsus·
1094 247 1166 276 Ἰν..

433 363 521 408 Neu
547 364 728 407 iuvenes*
743 362 918 406 celebret
948 362 1075 400 multo
1105 373 1305 407 sermone,
1334 362 1485 407 caveto,
1523 376 1528 403 ·.

485 433 594 472 Neve
623 432 859 483 cubet‘laxo
888 434 1029 483 pectus
1058 433 1199 482 aperta
1227 432 1332 479 sinu,

433 504 522 541 Neu
549 504 588 541 te
618 502 795 559 decipiat
822 506 925 542 nutu
954 503 1162 552 digitoque
1189 502 1389 555 liquorem
1435 530 1438 533 -
1475 553 1477 555 v

486 572 546 612 Ne
575 574 713 612 trahat
741 576 782 611 et
809 585 959 612 mensae
990 573 1110 611 ducat
1137 573 1182 609 in
1212 571 1306 609 orbe
1336 572 1467 609 notas.
1623 593 1628 595 -

355 820 425 860 1v.
453 820 562 859 Num
590 820 786 860 'tibullus
813 795 992 870 secutus
1020 820 1079 859 sit
1106 818 1355 858 Messallam
1381 818 1429 856 in
1457 790 1679 865 orientem

832 891 1182 942 proficiscentem
1194 891 1215 928 ’ἑ

336 1051 536 1094 Tibullus
563 1053 678 1092 certe
704 1064 796 1092 non
820 1050 1022 1092 interfuit
1059 1049 1325 1104 expeditioni
1360 1047 1580 1091 Messallae
1619 1050 1762 1092 orien-

277 1129 368 1170 tali.
404 1127 508 1172 Vita
533 1128 653 1169 enim
686 1126 854 1171 Tibulli
879 1127 927 1168 in
965 1126 1186 1168 codicibus
1225 1128 1396 1168 servata
1431 1128 1609 1179 poetam
1647 1126 1764 1168 bello

277 1205 540 1260 Aquitanico
558 1205 921 1246 contubernalem
941 1203 1161 1245 Messallae
1184 1203 1319 1244 fuisse
1342 1205 1670 1254 commemorat,
1689 1202 1766 1244 sed

279 1283 331 1325 de
357 1283 474 1324 bello
507 1266 714 1323 orientali
751 1281 923 1322 nullam
960 1281 1064 1321 facit
1100 1280 1387 1321 mentionem.
1427 1279 1595 1320 Deinde
1634 1284 1766 1333 poeta

278 1361 373 1414 ipse
399 1372 499 1401 cum
526 1358 731 1412 superbia
758 1356 946 1410 quadam
973 1370 1020 1397 se
1057 1356 1173 1397 bello
1199 1346 1472 1409 ⁸Aquita-nico
1510 1356 1765 1398 interfuisse

279 1439 431 1478 narrat
455 1436 503 1488 (Ι.
533 1436 571 1485 7,
600 1435 788 1485 9—12.),
826 1433 912 1483 sed,
957 1446 1057 1474 cum
1093 1433 1141 1473 in
1179 1432 1333 1474 eodem
1372 1433 1565 1474 carmine
1605 1433 1658 1474 ad
1694 1446 1766 1475 res

278 1513 498 1555 Messallae
519 1513 568 1553 in
591 1510 770 1553 Oriente
793 1511 939 1563 gestas
961 1508 1121 1550 transit
1143 1509 1188 1561 (Ι.
1210 1509 1247 1558 7,
1271 1509 1484 1561 13—-22.)‚
1505 1522 1551 1551 se
1568 1510 1766 1552 amicum

255 1584 414 1632 *etiam
454 1603 504 1631 eo
547 1576 746 1631 secutum
787 1600 882 1628 esse
920 1598 1139 1639 nusquam
1181 1585 1298 1626 dicit.
1340 1584 1404 1626 Ex
1443 1585 1586 1627 verbis
1626 1588 1768 1640 poetae

278 1666 471 1720 propriis
515 1666 677 1708 scimus
721 1677 822 1704 eum
860 1663 907 1703 in
946 1661 1134 1715 Corcyra
1170 1661 1437 1703 remansisse
1475 1664 1687 1719 aegrotum
1725 1665 1770 1704 et

279 1742 538 1784 Messallam
577 1741 803 1794 sociosque
843 1740 938 1780 sine
978 1751 1029 1779 eo
1067 1738 1288 1791 profectos
1326 1749 1421 1779 esse
1458 1737 1506 1790 in
1543 1736 1769 1780 Orientem

280 1820 328 1872 (I.
354 1821 392 1869 3,
422 1818 589 1870 1—3.);
615 1819 770 1871 postea
792 1818 953 1864 autem,
978 1828 1078 1856 cum
1099 1815 1190 1855 iam
1212 1827 1263 1855 ex
1282 1814 1436 1856 morbo
1458 1815 1766 1865 convaluisset,

280 1896 470 1938 Romam
497 1908 598 1937 eum
626 1893 681 1936 ad
705 1893 879 1938 Deliam
907 1905 1132 1933 reversum
1159 1904 1255 1933 esse
1281 1891 1424 1932 elucet
1460 1904 1511 1932 ex
1548 1904 1612 1941 eo,
1653 1892 1770 1946 quod

281 1974 310 2016 1.
338 1974 372 2014 Ι.
402 1973 508 2026 eleg.
539 1973 578 2014 2.
621 1971 808 2025 opponit
846 1984 890 2012 se
929 1969 1031 2011 viro
1063 1968 1251 2023 quodam
1286 1968 1496 2010 bellicoso
1534 1971 1579 2009 et
1613 1968 1770 2022 praedae

283 2050 455 2104 cupido,
492 2049 567 2103 qui
606 2048 759 2090 relicta
797 2047 926 2088 Delia
966 2048 1108 2088 castra
1145 2046 1320 2086 secutus
1359 2044 1415 2085 sit
1455 2046 1497 2085 et
1530 2045 1578 2085 in
1616 2044 1770 2101 Cilicia

282 2128 445 2168 militet
469 2127 568 2178 (vss.
599 2125 829 2175 65—-74.):

442 2238 615 2276 Ferreus
644 2237 712 2274 ille
741 2236 830 2281 fuit,
862 2234 931 2285 qui
958 2237 998 2273 te
1027 2247 1120 2273 cum
1147 2235 1286 2283 posset
1312 2233 1475 2280 habere,

496 2306 689 2345 Maluerit
716 2305 875 2355 praedas
905 2305 1052 2343 stultus
1082 2306 1122 2343 et
1150 2317 1264 2343 arma
1292 2305 1419 2353 sequi.

443 2379 516 2416 Ille
546 2378 641 2416 licet
674 2377 853 2415 Cilicum
880 2378 1008 2430 victas
1038 2378 1129 2424 agat
1159 2378 1253 2414 ante
1282 2377 1463 2414 catervas

422 2448 424 2450 ’
499 2449 630 2487 Ponat
659 2450 698 2486 et
725 2449 770 2485 in
799 2449 917 2497 capto
946 2447 1098 2485 Martia
1126 2448 1259 2485 castra
1288 2446 1386 2492 solo,

445 2520 570 2559 Totus
599 2521 639 2557 et
667 2520 834 2567 argento
864 2519 1087 2564 contextus,
1118 2519 1228 2556 totus
1257 2519 1297 2556 et
1325 2530 1422 2557 auro

498 2589 680 2629 Insideat
700 2590 829 2628 >celeri
857 2589 1173 2639 conspiciendus
1202 2601 1329 2639 equo:

446 2663 539 2712 Ipse
567 2662 690 2700 boves
718 2674 810 2699 mea
839 2661 873 2698 si
900 2663 1036 2700 tecum
1064 2661 1187 2698 modo
1214 2660 1335 2699 Delia
1362 2660 1516 2708 possim

499 2733 672 2781 Iungere
701 2733 742 2770 et
769 2732 813 2769 in
842 2732 927 2769 solo
957 2743 1121 2781 pascere
1151 2732 1290 2769 monte
1318 2742 1452 2779 pecus,
