1942 3132
278 206 346 240 2852
836 219 891 247 AD
911 219 959 247 11.
984 217 1016 255 5,
1042 215 1206 246 57—62.

281 338 321 378 h.
362 338 389 378 L
417 360 473 365 —-
515 334 724 378 sacerdos
764 334 865 385 Ilia,
911 335 1000 376 sive
1041 334 1164 375 Rhea
1206 331 1352 381 Silvia,
1396 333 1519 386 virgo
1559 331 1762 382 Vestalis,

279 416 422 455 mater
446 413 625 454 Romuli
663 415 706 454 et
737 412 874 454 Remi.
904 437 960 440 -
994 410 1195 453 Vestales
1233 407 1486 452 deseruisse
1522 408 1659 464 focos,
1682 407 1766 449 Ilia

281 490 336 531 ad
372 491 515 544 ripam
555 489 754 530 fluminis
795 489 989 537 accessit,
1029 490 1080 528 ut
1121 500 1280 540 aquam
1320 486 1517 527 hauriret
1553 484 1607 526 ad
1645 497 1767 526 sacra

280 566 493 616 lavanda;
519 567 582 607 ibi
607 579 705 608 eam
721 565 839 607 Mars
866 565 1137 618 compressit.
1157 563 1218 605 Cf.
1239 562 1315 604 Ov.
1332 562 1451 604 Fast.
1468 562 1545 604 III.
1569 562 1765 604 11—13:

288 642 448 684 «Silvia
472 642 664 685 Vestalis
689 675 699 684 .
728 675 737 685 .
766 675 776 684 .
806 641 937 684 Sacra
974 642 1195 683 lavaturas
1233 653 1364 680 mane
1402 639 1579 692 petebat
1605 650 1765 692 aquas:

281 719 475 760 Ventum
502 721 594 760 erat
619 719 675 760 ad
699 719 824 760 molli
852 718 1063 760 declivem
1090 717 1267 758 tramite
1293 716 1460 769 ripam»
1489 717 1533 756 et
1550 714 1656 756 ibid.
1685 715 1766 756 21:

289 796 431 837 «Mars
468 795 586 838 videt
623 797 738 837 hanc
774 796 1000 848 visamque
1042 795 1164 848 cupit
1202 794 1455 847 potiturque
1495 791 1684 845 cupita».
1711 814 1792 818 —·

286 870 645 927 Concubitusque
683 874 782 914 tuos
820 861 994 928 furtim,
1038 871 1236 919 furtivos,
1281 868 1536 910 adverbium
1573 881 1653 921 pro
1695 866 1767 908 ad-

286 950 441 991 iectivo
458 964 469 999 3
509 951 559 991 cf.
590 949 690 991 adn.
719 962 852 1002 supra
878 948 933 990 ad
957 949 990 990 Ι.
1021 949 1058 997 3,
1088 949 1168 989 50:
1203 949 1407 1000 «repente
1444 945 1567 986 viae».
1595 969 1654 972 —
1678 944 1767 986 vit-

284 1029 444 1081 tasque
469 1027 680 1079 iacentes,
706 1026 900 1079 insignia
924 1025 1146 1078 virginum
1172 1023 1430 1071 Vestalium,
1460 1035 1553 1075 quae
1580 1021 1769 1074 delapsae

285 1106 389 1144 sunt
427 1103 568 1156 capite
607 1103 765 1157 puellae
803 1102 1087 1149 reluctantis3
1127 1101 1178 1141 cf.
1209 1098 1284 1140 Ov.
1323 1099 1441 1139 Fast.
1475 1098 1552 1139 III.
1583 1098 1769 1139 29-30.

286 1179 338 1220 de
365 1179 538 1220 somnio
564 1179 681 1220 Iliae:
707 1178 910 1232 «Ignibus
935 1176 1082 1217 Iliacis
1110 1175 1298 1224 aderam,
1323 1188 1421 1215 cum
1448 1175 1575 1228 lapsa
1600 1172 1771 1226 capillis

285 1255 460 1297 Decidit
494 1257 594 1296 ante
635 1267 782 1295 sacros
819 1254 949 1294 lanea
973 1253 1083 1293 vitta
1121 1252 1284 1293 focos».
1311 1276 1369 1279 -—
1396 1249 1563 1305 cupidi,
1589 1251 1640 1291 cf.
1671 1249 1768 1290 adn.

286 1346 419 1386 supra
458 1331 513 1374 ad
549 1332 582 1372 Ι.
623 1332 664 1381 8,
704 1332 783 1372 56:
818 1329 1036 1383 «cupidis»
1071 1330 1113 1370 et
1143 1329 1270 1382 Prop.
1297 1328 1330 1369 I.
1360 1329 1398 1377 2,
1430 1328 1626 1369 17—18:
1662 1326 1771 1367 «Idae

287 1412 329 1451 et
371 1409 529 1463 cupido
571 1409 794 1462 quondam
836 1407 1053 1449 discordia
1090 1407 1267 1456 Phoebo,
1307 1406 1450 1446 Eueni
1487 1404 1644 1458 patriis
1681 1402 1773 1444 filia

285 1485 532 1527 litoribus».
562 1510 619 1513 —
645 1483 708 1527 ad
744 1484 885 1538 ripas,
924 1497 979 1525 sc.
1019 1482 1217 1524 fluminis
1256 1482 1309 1523 ab
1337 1481 1411 1522 Ov.
1439 1481 1558 1522 Fast.
1596 1481 1674 1523 III.
1706 1483 1772 1523 13.

287 1576 420 1616 supra
456 1562 573 1603 laud.
614 1560 959 1603 commemorati.
987 1585 1045 1588 ὴ
1071 1572 1204 1602 arma
1242 1559 1402 1601 relicta
1443 1557 1530 1612 dei,
1565 1557 1686 1599 Mars
1725 1559 1774 1599 in

288 1639 537 1692 amplexum
563 1638 722 1691 puellae
748 1638 891 1678 iturus
919 1637 1110 1689 clipeum
1128 1638 1170 1676 et
1187 1635 1362 1676 hastam
1388 1635 1436 1675 in
1461 1635 1559 1687 ripa
1574 1634 1773 1687 reliquit;

287 1717 338 1756 cf.
371 1714 446 1756 Ov.
474 1715 593 1756 Fast.
622 1714 698 1755 III.
732 1715 868 1755 1---22
903 1713 1101 1761 «Bellice‚
1132 1712 1343 1765 depositis
1371 1712 1511 1765 clipeo
1549 1706 1777 1764 paulisper

290 1795 332 1833 et
358 1793 498 1841 hasta,
539 1790 672 1841 Mars,
699 1790 827 1831 ades»
862 1792 904 1830 et
928 1789 1033 1830 ibid.
1063 1775 1233 1830 9—1'0:
1267 1788 1411 1829 «Tunc
1450 1800 1621 1842 quoque
1658 1787 1774 1828 iner-

288 1870 373 1910 mis
415 1881 524 1918 eras,
568 1882 668 1909 cum
709 1870 751 1909 te
792 1867 993 1908 Romana
1034 1865 1236 1907 sacerdos
1275 1864 1412 1918 Cepit,
1452 1866 1502 1905 ut
1539 1864 1642 1905 huic
1678 1863 1776 1905 urbi

290 1945 460 1988 semina
498 1945 630 1998 digna
669 1944 817 1986 dares»
827 1958 837 1993 3
863 1943 956 1984 Iuv.
987 1942 1073 1984 Sat.
1101 1942 1175 1984 XI.
1207 1942 1462 1984 106—107:
1496 1941 1578 1981 «Ac
1609 1940 1776 1982 nudam

291 2021 480 2075 effigiem
520 2021 660 2074 clipeo
699 2019 919 2061 venientis
959 2021 1001 2060 et
1039 2019 1168 2060 hasta
1197 2017 1523 2071 Pendentisque
1562 2017 1673 2066 dei»,
1700 2018 1776 2058 ubi

291 2099 530 2140 scholiasta
555 2097 761 2139 adnotat:
796 2095 974 2137 «Martis
1001 2095 1056 2136 ad
1080 2095 1209 2136 Iliam
1235 2094 1468 2144 venientis,
1496 2095 1547 2135 ut
1571 2107 1776 2135 concum-

289 2177 451 2217 beret».
478 2200 537 2203 ——
565 2172 747 2229 Carpite
771 2185 892 2215 nunc
919 2172 1041 2215 tauri
1067 2170 1120 2214 de
1147 2172 1313 2227 septem
1346 2170 1574 2213 montibus
1600 2169 1775 2221 herbas,

290 2250 414 2293 Dum
441 2251 566 2294 licet:
599 2249 669 2292 hic
693 2263 873 2306 maynoe
898 2249 995 2291 iam
1035 2248 1155 2290 locus
1180 2246 1310 2290 urbis
1338 2246 1438 2301 erit,
1464 2247 1515 2287 cf.
1543 2247 1670 2300 Prop.
1697 2247 1776 2288 III.

291 2331 332 2379 9,
358 2330 440 2370 49:
474 2327 710 2380 «Celsaque
748 2325 962 2367 Romanis
1000 2324 1204 2378 decerpta
1243 2324 1414 2365 Palatia
1438 2323 1619 2373 tauris»,
1648 2336 1779 2376 quem

290 2407 438 2447 locum
464 2404 664 2446 Tibullus
691 2406 793 2445 ante
821 2403 973 2444 oculos
991 2402 1160 2451 habuit,
1180 2403 1222 2442 et
1239 2399 1316 2442 Ov.
1332 2400 1450 2442 Fast.
1469 2400 1503 2442 Ι.
1522 2401 1777 2442 243—244:

298 2482 417 2530 «Hic,
444 2481 520 2522 ubi
546 2494 665 2521 nunc
691 2480 832 2521 Roma
859 2481 938 2530 est,
970 2478 1170 2519 incaedua
1209 2478 1320 2519 silva
1344 2477 1524 2526 virebat,
1553 2476 1778 2529 Tantaque

290 2572 362 2600 res
387 2557 539 2611 paucis
563 2569 727 2610 pascua
753 2556 893 2597 bubus
922 2557 1055 2596 erat».

352 2635 399 2676 V.
430 2635 616 2676 57—62.
647 2634 780 2675 terris
817 2632 958 2689 fatale
996 2631 1219 2688 restandi-5,
1246 2631 1441 2673 dativus:
1469 2631 1559 2671 fato
1585 2629 1777 2670 destina-

292 2715 388 2753 tum
427 2710 480 2752 ad
517 2711 657 2751 terras
694 2708 934 2762 regendas;
969 2709 1021 2749 cf.
1049 2707 1134 2750 Cic.
1164 2707 1256 2749 Cat.
1282 2707 1356 2749 IV.
1388 2708 1422 2757 1,
1453 2707 1504 2748 2:
1538 2705 1779 2746 «Lentulus
