1942 3132
639 235 963 267 muonnom
983 235 1176 265 omnen.
1584 222 1655 258 309

183 360 197 367 ”
216 353 251 395 1.
278 354 319 396 6.
347 378 405 382 —
431 355 470 396 7.
498 354 688 399 iurata:
710 353 901 396 coniecit
924 352 1107 408 Heyne;
1134 354 1231 396 tam
1255 354 1402 397 mulla
1418 368 1436 397 .·
1455 355 1503 397 A.
1528 354 1653 398 Reci-

160 429 372 485 piendam
399 444 494 473 esse
519 430 684 487 Heynii
709 431 1010 474 coniecturam
1037 430 1166 473 docet
1191 429 1336 473 Ovidii
1362 432 1486 474 loeus
1521 446 1654 487 supra

158 507 209 550 in
231 507 331 550 adn.
350 521 469 563 exeg.
489 508 545 551 ad
566 508 609 551 h.
627 508 656 550 l.
674 508 851 550 allatus.
869 533 927 537 -
947 509 1015 551 11.
1034 509 1140 551 tum:
1155 521 1173 550 :
1192 507 1258 558 D;
1280 521 1403 551 nunc
1417 523 1434 550 .·
1455 510 1491 550 Α
1508 535 1565 538 -
1586 511 1653 552 18.

159 583 299 628 lacco:
326 584 391 634 D;
420 585 578 629 lasso:
600 586 650 628 A.
678 610 736 615 -—
761 586 831 628 40.
859 587 900 630 et
922 585 1057 640 fluit:
1081 585 1147 635 D;
1183 584 1361 641 effluit:
1397 586 1447 627 A.
1487 611 1543 614 —
1582 588 1652 629 42.

160 676 208 707 se
234 663 442 707 occulat:
467 663 657 706 coniecit
680 663 855 713 Babus;
883 665 966 707 stet
985 663 1180 719 procul:
1216 664 1266 705 A.
1306 662 1440 719 Origo
1477 678 1653 720 corrup-

157 742 283 784 tolae:
312 744 358 785 al
384 743 431 784 in
458 741 633 786 occulat
656 755 736 796 per
756 740 1127 796 haplographiam
1149 741 1366 784 omissum
1389 744 1456 784 est
1476 744 1657 796 propter

159 831 351 872 sequens
373 821 490 861 ante.
516 843 573 848 —
593 820 665 862 45.
687 819 813 861 motu
827 832 845 860 .·
866 817 906 861 G
919 833 930 868 ;
951 819 1078 862 mota
1092 832 1110 861 .·
1129 819 1180 860 A.
1203 844 1260 847 —
1282 820 1352 861 46.
1377 831 1536 862 amens
1552 833 1569 861 .·
1590 819 1654 868 Ι);

158 897 201 938 et
226 907 393 939 amans
410 909 427 938 .·
451 896 500 938 A.
527 921 553 925 —
567 921 585 924 —
610 896 681 938 47.
708 894 908 938 violenta
923 909 941 937 .·
960 895 1134 938 codices
1154 896 1365 938 nonnulli
1387 895 1655 945 deteriorem

158 972 335 1016 violata
350 987 366 1015 .·
391 973 441 1015 A.
468 998 525 1002 —
552 974 622 1016 67.
649 972 795 1018 vitta:
819 972 884 1023 D;
911 972 1062 1017 victa:
1086 973 1136 1015 A.
1165 998 1222 1003 —
1248 974 1318 1015 70.
1339 972 1552 1029 possim:
1590 972 1655 1021 G;

157 1061 385 1104 possum:
415 1051 464 1092 A.
504 1075 562 1079 —
600 1052 669 1094 71.
701 1054 863 1107 putet:
899 1051 965 1101 D;
996 1052 1163 1107 putat:
1199 1052 1249 1094 A.
1289 1050 1553 1110 ducarque:
1589 1050 1656 1100 D;

160 1125 424 1183 ducorque:
448 1129 498 1171 A.
529 1154 582 1158 —
609 1130 679 1172 72.
706 1128 939 1173 Immerito
965 1130 1015 1173 in
1045 1128 1255 1173 medias:
1292 1130 1483 1172 coniecit
1517 1129 1656 1172 Roth·

163 1205 306 1254 stein3
352 1205 579 1249 immerito
618 1218 910 1262 properans:
955 1206 995 1249 G
1009 1221 1020 1256 ;
1065 1206 1294 1250 immerito
1335 1219 1547 1262 pronas:
1590 1206 1656 1256 D;

158 1281 385 1326 immerito
404 1282 660 1339 proprias:
683 1284 732 1325 A.
755 1283 1115 1340 proripiarque:
1139 1283 1203 1333 D;
1225 1283 1550 1340 proripiorque
1564 1297 1581 1326 .·
1605 1284 1655 1325 A.

160 1358 294 1414 Origo
320 1360 604 1415 eorruptelae:
645 1361 862 1403 omissum
895 1363 963 1403 est
995 1360 1045 1403 in
1076 1359 1255 1403 medias
1291 1363 1393 1415 post
1429 1359 1656 1403 immerito

163 1441 346 1492 propter
376 1438 716 1480 similitudinem
754 1438 994 1493 scripturae,
1034 1437 1193 1480 deinde
1230 1437 1299 1479 bis
1339 1437 1552 1491 scriptum
1591 1441 1657 1479 est

158 1514 406 1575 proripiar.
435 1540 492 1544 -—
519 1517 590 1559 84.
617 1528 792 1572 quam:
816 1516 880 1566 D;
909 1514 1063 1572 quod:
1087 1516 1137 1557 A.

594 1756 667 1797 1v.
694 1756 748 1796 In
774 1755 972 1796 natalem
998 1756 1227 1796 Messalloe.

221 1901 254 1943 L
283 1902 322 1943 7.
352 1926 407 1930 ——
434 1903 475 1943 6.
502 1900 732 1944 evinctos:
770 1900 833 1950 G;
872 1901 1076 1945 vithos:
1112 1902 1161 1943 A.
1202 1926 1260 1930 —
1297 1902 1337 1943 8.
1378 1900 1555 1943 niveis:
1592 1900 1657 1950 D;

162 1976 358 2021 nitidis:
382 1978 431 2019 A.
459 2002 516 2006 —-
542 1979 583 2020 9.
619 1975 864 2020 Tarbella:
885 1977 1139 2020 emendavit
1160 1976 1355 2032 Scaliger
1369 1993 1380 2028 ;
1403 1981 1484 2021 tua
1507 1978 1627 2022 bella
1642 1993 1659 2021 .·

160 2057 210 2099 A.
254 2081 308 2085 —
360 2058 425 2098 10.
466 2053 766 2098 Santhonici:
801 2055 864 2105 V;
902 2054 1197 2100 Sanctonici:
1241 2056 1290 2097 A.
1329 2081 1386 2084 —
1429 2057 1495 2098 12.
1538 2052 1656 2098 Car-

162 2134 322 2177 nutis:
346 2133 418 2182 M;
448 2132 664 2175 Carnoli:
690 2133 738 2174 A.
768 2157 824 2161 —
855 2134 921 2175 13.
949 2145 1045 2175 an:
1068 2132 1132 2183 D;
1160 2135 1240 2176 at:
1264 2134 1313 2175 A.
1348 2132 1539 2177 tractis:
1578 2146 1657 2187 ego

165 2210 361 2259 conieei;
389 2210 538 2253 tacitis
555 2224 572 2252 .·
595 2210 699 2252 libri
725 2223 895 2252 omnes.
930 2209 1143 2253 Codicum
1179 2210 1312 2252 lectio
1350 2209 1528 2251 defendi
1565 2222 1656 2251 non

161 2273 321 2342 poteet.
350 2286 454 2341 quia
480 2286 629 2330 tacitis
654 2285 793 2330 undis
821 2290 864 2328 et
888 2300 951 2329 vs.
983 2288 1050 2330 14.
1072 2285 1274 2343 placidis
1296 2286 1432 2344 aquis
1452 2286 1659 2340 pleonas-

162 2377 287 2407 mum
326 2363 524 2406 efficiunt
561 2363 915 2415 intolerabilem:
953 2365 1007 2406 ef.
1046 2378 1182 2420 supra
1218 2364 1320 2407 adn.
1360 2376 1478 2416 exeg.
1518 2362 1573 2404 ad
1614 2364 1656 2405 h.

163 2441 191 2483 l.
220 2466 278 2471 ——
309 2443 374 2484 16.
404 2441 534 2485 alat:
558 2441 624 2491 D;
650 2444 788 2485 arat:
812 2442 862 2484 A.
888 2467 946 2471 —
976 2443 1043 2485 17.
1071 2442 1266 2485 celebres
1283 2455 1299 2483 .·
1330 2440 1658 2484 commendavit

162 2518 394 2573 Postgat0;
421 2518 638 2562 crebras:
661 2519 765 2561 libri
791 2532 960 2562 omnes.
994 2518 1080 2562 Sed
1118 2518 1224 2574 quid
1262 2519 1316 2562 ad
1354 2533 1447 2561 rem
1486 2519 1659 2560 crebras

161 2596 206 2648 (i.
234 2611 271 2639 e.
299 2596 481 2648 multas)
507 2609 603 2638 esse
629 2596 676 2645 in
702 2596 939 2639 Palaestina
963 2596 1128 2639 urbes?
1163 2621 1211 2625 -
1238 2598 1306 2639 36.
1331 2595 1524 2639 insuetis
1540 2608 1556 2636 .·
1578 2607 1657 2648 ego

163 2673 333 2716 conieci
346 2688 357 2723 3
385 2672 571 2716 incultis
586 2687 603 2716 :
627 2673 731 2715 libri
757 2687 925 2716 omnes.
948 2673 1161 2716 Codicum
1182 2673 1315 2715 lectio
1338 2672 1545 2726 explicari
1567 2683 1659 2713 non

162 2754 335 2806 potest;
374 2765 475 2793 mea
512 2751 767 2794 coniectura
804 2752 970 2806 optime
1008 2751 1218 2794 convenit
1255 2749 1482 2792 adieetivis
1520 2749 1657 2791 inea:-
