1942 3132
0 2624 7 2782 *mm
0 2453 9 2610 ffuv—-vvn-
0 2431 3 2441 -
0 2408 2 2415 -
0 2382 1 2389 ⁴

754 221 811 251 AD
832 222 862 251 1.
885 219 920 258 3,
945 219 1113 250 53—62.
1630 206 1701 242 121⁵

237 341 286 384 V.
315 342 508 384 53—56.
535 339 707 397 fatales
731 372 743 382 .
767 371 779 382 .
807 371 818 381 .
843 350 1007 389 avt-1208,
1037 338 1130 380 fato
1157 338 1272 379 mihi
1290 338 1432 380 datos.
1448 362 1507 367 —
1523 336 1638 382 Fac.
1654 371 1665 383 .
1683 372 1694 382 .

178 421 280 478 stet,
316 418 468 461 Iovem
509 417 780 472 alloquitur3
813 417 866 459 cf.
906 416 1036 471 Prop.
1065 415 1146 459 III.
1181 416 1247 465 16,
1278 417 1361 458 25:
1395 415 1473 458 «Di
1514 418 1694 467 faciant,

177 509 280 538 mea
303 509 362 538 ne
389 499 508 538 terra
533 495 651 537 locet
677 507 780 537 ossa
805 493 1072 548 frequenti».
1101 492 1416 549 —inscriptis
1441 525 1452 535 .
1481 525 1491 535 .
1519 525 1530 535 .
1559 495 1696 547 uotis,

178 573 355 622 litteris,
395 575 446 614 ut
472 571 550 615 Ov.
590 572 656 614 Ex
692 571 820 614 Pont.
860 571 940 614 III.
970 572 1009 620 2,
1039 572 1123 614 90:
1157 570 1249 613 «Ad
1286 571 1469 613 fratrem
1509 572 1698 626 scriptas

180 653 332 694 exarat
357 650 434 692 ille
461 652 619 692 notas»
653 650 697 691 et
722 648 851 691 Trist.
879 648 958 691 HL
989 650 1028 699 3,
1059 649 1142 691 72:
1176 647 1458 691 «Grandibus
1496 648 1545 691 in
1576 649 1696 691 tituli

178 741 400 770 marmore
440 725 558 769 caede
594 726 759 769 notis».
787 750 847 755 -—
874 723 961 769 Hic
999 725 1130 775 iacet,
1177 726 1312 768 solita
1352 726 1401 768 in
1443 726 1588 768 titulis
1631 739 1698 768 se·

178 805 436 860 pulcrorum
475 804 683 852 formula,
723 804 774 845 ut
799 801 877 845 Ov.
907 802 1039 845 Trist.
1066 803 1148 845 ΙΙΙ.
1179 804 1219 853 3,
1250 804 1332 846 73:
1367 803 1477 845 «Hic
1505 816 1587 858 ego
1622 803 1700 857 qui

179 883 329 925 iaceo»
362 884 407 923 et
432 880 571 935 Lygd.
601 881 640 931 2,
670 881 754 923 29:
787 879 1071 934 «Lygdamus
1095 880 1171 922 hic
1198 880 1312 922 situs
1352 883 1462 923 est».
1490 905 1550 909 —
1575 881 1700 924 terra

180 958 292 1003 dum
331 958 626 1015 sequiturque
663 958 804 1008 mari,
843 958 951 1000 dum
989 961 1111 1001 terra
1148 958 1351 1013 marique
1391 959 1617 1014 sequitu1;
1644 959 1699 1001 de

179 1037 366 1079 insolita
403 1035 736 1078 coniunctionis
765 1047 882 1092 -que
920 1036 1218 1080 collocatione
1256 1037 1309 1078 cf.
1339 1036 1440 1079 adn.
1481 1050 1618 1091 supra
1645 1035 1700 1078 ad

180 1113 212 1156 L
239 1115 282 1162 4,
311 1115 363 1156 2:
397 1112 487 1154 «Ne
513 1112 650 1166 capiti
677 1112 796 1155 soles
821 1126 879 1154 ne
906 1115 1188 1167 noceantque
1221 1113 1391 1156 nives».

239 1190 288 1233 V.
318 1191 509 1234 57—62.
537 1189 691 1246 facilis
717 1190 868 1233 tenero
912 1202 1018 1233 sum
1053 1203 1234 1246 semper
1258 1189 1436 1243 Amori,
1465 1191 1700 1246 obsequio—

181 1281 269 1317 sus,
297 1270 348 1310 ut
372 1268 493 1310 infra
517 1267 551 1310 L
581 1268 622 1317 Ξ,
653 1268 859 1311 97-98;
893 1268 974 1309 «At
1000 1268 1115 1310 mihi
1141 1281 1286 1323 parce,
1315 1268 1496 1312 Venus:
1524 1282 1702 1323 semper

181 1344 262 1387 tibi
290 1344 442 1387 dedita
468 1345 606 1388 servit
631 1344 762 1388 Mens
787 1358 931 1388 mea».
960 1370 1019 1374 —
1047 1343 1159 1402 Ipsa
1183 1344 1330 1389 Venus
1357 1359 1545 1402 campos
1570 1345 1702 1390 ducet

180 1423 233 1466 in
258 1421 458 1479 Elysios,
488 1423 545 1466 ad
571 1423 692 1465 hunc
719 1423 871 1466 locum
911 1423 1076 1466 alludit
1102 1422 1179 1466 Ov.
1208 1425 1304 1466 Am.
1334 1423 1412 1466 HL
1441 1425 1482 1473 9,
1513 1425 1595 1466 60:
1629 1424 1701 1466 «in

180 1500 335 1556 Elysia
358 1500 477 1543 valle
503 1500 708 1543 Tibullus
748 1501 874 1543 erit».
903 1525 963 1530 —-
988 1499 1101 1558 Ipsa
1134 1499 1300 1552 Venus,
1340 1515 1447 1551 non,
1476 1504 1527 1543 ut
1551 1501 1699 1555 vulgo,

180 1577 430 1620 Mercurius
457 1580 742 1636 ψυχοπομπός.
769 1603 829 1607 -
858 1576 947 1622 Hic
972 1577 1146 1622 ehoreae
1171 1581 1428 1636 cantusque
1459 1580 1626 1636 υἱῃεηε,
1651 1582 1703 1622 ut

180 1654 310 1709 Verg.
354 1656 462 1698 Aen.
500 1655 574 1698 VI.
619 1656 720 1698 644.
764 1655 819 1698 de
859 1655 1040 1710 Elysio:
1080 1655 1211 1698 «Pars
1249 1656 1439 1711 pedibus
1478 1657 1702 1712 plaudunt

184 1732 370 1774 choreas
396 1735 440 1774 et
466 1732 668 1774 carmina
695 1732 891 1775 dicunt».
920 1757 979 1761 ——
1004 1732 1197 1786 choreoe,
1222 1733 1398 1787 syllaba
1436 1735 1702 1788 paenultima

182 1808 330 1851 brevis
372 1812 452 1859 est,
480 1813 530 1851 ut
557 1809 686 1863 Verg.
714 1810 823 1852 Aen.
852 1809 926 1852 VI.
956 1811 1070 1859 6443
1109 1811 1244 1864 vulgo
1282 1811 1432 1864 longa,
1473 1814 1524 1854 ut
1550 1811 1700 1854 Graece

184 1887 346 1943 χορεία.
374 1911 433 1915 -
459 1886 627 1943 viqent,
655 1887 1000 1929 diuturnitatem
1026 1888 1195 1929 laetitiae
1223 1887 1457 1942 significat.
1485 1887 1703 1933 ——Dulce

185 1966 355 2006 sonant
393 1964 520 2007 tenui
558 1966 743 2020 yutture
780 1976 970 2007 carmen
1008 1976 1129 2016 aves,
1167 1978 1346 2006 versum
1384 1965 1590 2008 imitatur
1621 1966 1698 2009 Ov.

183 2042 278 2083 Am.
306 2041 340 2083 I.
375 2042 440 2087 13,
470 2043 524 2083 8:
557 2040 640 2083 «Et
666 2041 889 2096 liquidum
927 2043 1052 2084 tenui
1093 2046 1272 2097 gutture
1298 2046 1450 2087 cantat
1476 2045 1613 2088 avis».
1642 2070 1701 2075 ——

183 2118 310 2161 tenui
333 2121 532 2175 yutlure,
558 2121 759 2172 angusta,
787 2121 839 2161 ut
854 2118 982 2173 Verg.
1010 2119 1101 2162 Ecl.
1132 2122 1167 2168 1,
1187 2122 1239 2163 2:
1263 2119 1548 2164 «Silvestrem
1574 2123 1698 2165 tenui

183 2194 362 2236 Musam
402 2194 634 2236 meditaris
674 2208 839 2237 avena»
878 2198 921 2237 et
948 2197 989 2247 6,
1017 2197 1070 2239 8:
1104 2197 1358 2251 «Agrestem
1396 2199 1522 2241 tenui
1559 2199 1699 2241 medi-

184 2272 313 2314 tabor
359 2272 581 2314 arundine
628 2271 847 2315 Musam».
876 2297 935 2302 —-
959 2273 1153 2326 casiam,
1203 2276 1347 2317 frutex
1394 2276 1607 2319 odoratus
1649 2290 1702 2318 ex

182 2350 450 2404 Aethiopia;
479 2350 532 2391 cf.
552 2349 666 2392 Plin.
696 2349 746 2392 N.
774 2349 831 2392 Η.
860 2350 958 2394 XII.
987 2353 1070 2395 86:
1103 2353 1467 2398 «cinnamomum
1493 2355 1700 2410 idemque

185 2428 446 2470 cinnamum
486 2427 687 2469 nascitur
724 2427 772 2469 in
810 2428 1074 2484 Aethiopia»
1108 2434 1151 2472 et
1177 2432 1261 2474 95:
1295 2431 1482 2476 «Frutex
1510 2436 1555 2475 et
1580 2436 1700 2477 casia

186 2508 255 2547 est
303 2505 514 2558 iuxtaque
566 2504 766 2546 cinnami
816 2518 1000 2561 campos
1049 2508 1291 2550 nascitur».
1333 2534 1392 2539 —-
1429 2523 1524 2553 non
1575 2512 1700 2555 culta

185 2594 323 2638 seyes,
363 2595 481 2635 ager,
522 2584 571 2623 ut
607 2581 717 2623 Hor.
745 2581 824 2636 Ep.
863 2582 920 2625 IL
962 2585 1001 2634 2,
1047 2585 1155 2628 161:
1188 2584 1325 2628 «Cum
1365 2591 1537 2642 segetes
1577 2594 1701 2631 occat

186 2658 267 2700 tibi
318 2672 422 2701 mox
473 2660 701 2700 frumenta
751 2658 979 2712 daturas·;
1029 2661 1255 2705 Tibullum
1306 2664 1475 2707 imitari
1525 2665 1701 2708 videtur

187 2734 417 2778 Claudian.
446 2736 512 2778 De
540 2736 674 2789 Nupt.
704 2735 821 2778 Hon.
851 2739 896 2780 et
919 2737 1055 2783 Marc.
1083 2741 1167 2783 94:
1200 2741 1310 2784 «Hic
1352 2742 1481 2784 casiae
1523 2746 1701 2784 matura
