1942 3132
734 205 790 235 An
811 206 841 236 1.
864 204 898 241 6,
924 204 1091 234 57—72.
1600 193 1666 228 177

224 323 272 366 V.
301 325 356 367 57
371 324 490 366 -622
519 325 600 366 tua
624 324 774 366 mater
798 356 806 365 .
838 354 848 364 .
875 356 883 364 .
914 334 1048 372 anus,
1078 322 1131 364 de
1158 335 1244 377 qua
1271 335 1405 377 supra
1431 324 1463 365 Ι.
1491 325 1528 371 23,
1550 326 1668 366 83—

164 401 248 453 845
296 399 549 454 «sanctique
594 397 778 453 pudoris
822 398 1036 441 Adsideat
1085 402 1234 440 custos
1286 385 1439 440 sedula
1491 413 1668 454 semper

162 490 318 519 anus».
347 501 404 505 —
430 474 638 526 tenebris,
681 475 899 518 ablativus
940 477 1140 531 simplex,
1183 479 1234 519 ut
1274 489 1411 531 supra
1443 476 1475 518 1.
1512 478 1551 526 9.,
1582 478 1665 526 25;

164 554 215 595 cf.
246 553 346 596 adn.
377 553 431 596 ad
457 553 500 596 h.
527 554 555 596 l.
583 577 641 582 -—
667 552 845 608 foribus
871 587 879 595 .
909 587 918 595 .
950 587 958 595 .
987 552 1162 607 adfiatu,
1193 554 1291 596 sine
1328 553 1666 595 intermissione

163 631 223 672 ibi
249 644 453 682 manens,
478 633 530 673 ut
566 644 700 685 supra
724 630 757 673 I.
788 631 826 679 3,
855 632 938 673 87:
971 632 1145 686 «pensis
1185 629 1372 679 adfixam
1400 631 1451 672 cf.
1481 630 1580 671 adn.
1611 630 1667 671 ad

163 708 205 749 h.
234 708 261 750 L
290 733 346 736 ψ-
372 709 526 751 Δηιαηεῑε
552 742 560 750 .
588 741 599 750 .
628 742 636 749 .
667 720 748 757 me,
778 711 827 750 ut
852 709 1134 750 intromittat.

222 785 270 828 V.
300 787 487 828 63—66.
513 785 728 842 proprios
767 798 845 842 eqo
884 789 1032 829 tecum
1058 821 1065 828 .
1096 820 1103 827 .
1136 821 1144 828 .
1173 798 1325 830 annos
1363 784 1667 828 contribuisse

161 862 310 914 velim,
347 875 472 905 meos
509 876 654 906 annos
691 877 792 905 cum
829 864 919 906 tuis
957 864 1229 918 coniungere
1268 864 1295 906 i.
1326 877 1361 906 e.
1390 876 1534 905 annos
1573 864 1666 904 fato

162 940 273 981 mihi
299 939 428 982 datos
453 939 614 982 addere
641 941 772 982 annis
810 940 892 982 tibi
919 941 1047 992 datis,
1076 944 1126 983 ut
1164 940 1333 982 diutius
1358 941 1510 989 vivas;
1550 952 1663 983 con-

162 1015 360 1060 tribuere
384 1030 484 1059 cum
511 1017 675 1072 aliquo,
700 1021 751 1059 ut
777 1017 882 1060 Caes.
910 1018 958 1060 B.
988 1018 1032 1060 C.
1061 1019 1094 1060 Ι.
1123 1019 1192 1068 60,
1227 1020 1275 1060 1;
1297 1017 1662 1071 «Calagurritani,

162 1092 237 1145 qui
263 1096 391 1135 erant
421 1107 522 1136 cum
549 1093 820 1137 Oscensibus
858 1096 1124 1138 contributi»
1157 1097 1184 1138 i.
1215 1110 1250 1138 e.
1281 1096 1426 1138 eidem
1463 1093 1666 1136 iurisdic-

160 1169 274 1211 tioni
301 1170 514 1221 subiecti;
542 1173 751 1214 usitatior
775 1175 843 1214 est
868 1173 1055 1224 dativus,
1084 1177 1134 1216 ut
1172 1173 1322 1216 Senec.
1350 1173 1416 1215 De
1442 1173 1559 1214 brev.
1587 1173 1664 1214 vit.

167 1248 230 1295 15,
250 1249 267 1290 1
283 1264 293 1290 ε
312 1249 497 1291 «horum
511 1263 644 1292 nemo
659 1263 804 1292 annos
817 1253 919 1293 tuos
933 1252 1144 1300 conterit;
1161 1264 1265 1293 suos
1280 1250 1362 1292 tibi
1377 1249 1663 1292 contribuit».

158 1326 430 1382 -3αη91ιί8,
453 1327 613 1369 ultima
636 1328 807 1382 syllaba
828 1328 1055 1383 producta,
1084 1332 1134 1370 ut
1161 1329 1324 1383 saepius
1351 1327 1470 1383 apud
1495 1330 1662 1382 poetas.

218 1401 265 1444 V.
295 1403 483 1446 67—72.
513 1403 583 1447 Sit
623 1404 757 1448 modo
800 1408 942 1459 casta,
979 1407 1092 1447 mihi
1133 1405 1305 1456 fidelis;
1345 1407 1398 1448 cf.
1438 1405 1470 1447 I.
1513 1406 1551 1454 3,
1580 1405 1663 1446 83:

163 1479 243 1520 «At
268 1481 318 1521 tu
343 1484 478 1526 casta.
505 1495 673 1536 precor,
702 1495 910 1525 maneas»
944 1486 987 1524 et
1025 1483 1124 1525 adn.
1155 1482 1210 1525 ad
1235 1483 1277 1525 h.
1306 1483 1334 1524 l.
1364 1507 1421 1511 —-
1447 1480 1662 1539 quamvis

159 1568 251 1599 non
275 1556 389 1600 vitta
416 1557 582 1614 li9atos
607 1557 835 1615 Impediat
873 1560 1022 1602 crines
1062 1572 1142 1602 nec
1175 1559 1295 1603 stola
1335 1559 1475 1617 lonya
1507 1558 1647 1615 pedes

157 1635 358 1687 quamvis
384 1648 476 1677 non
504 1635 565 1677 sis
595 1638 815 1686 matrona,
842 1636 920 1678 sed
944 1637 1166 1679 libertina.
1195 1637 1308 1679 Nam
1337 1639 1553 1678 matronae
1578 1636 1661 1677 vit·

157 1713 262 1760 tam,
309 1711 491 1766 longam
537 1713 698 1756 stolam
743 1728 844 1756 cum
890 1715 1046 1757 instita
1097 1719 1139 1756 et
1189 1715 1359 1769 pallam
1414 1713 1661 1768 gestabant,

158 1787 380 1830 libertinae
406 1793 451 1831 et
475 1791 732 1833 meretrices
757 1792 958 1833 tunicam
983 1792 1231 1834 breviorem
1250 1795 1295 1833 et
1310 1795 1486 1845 togam;
1514 1792 1566 1832 cf.
1583 1790 1661 1832 Ov.

156 1863 276 1907 Fast.
304 1865 376 1908 IV.
411 1868 666 1910 133—134:
700 1868 824 1910 «Rite
851 1867 980 1910 deam
1006 1868 1183 1910 Latiam
1222 1868 1371 1910 colitis
1404 1871 1662 1922 matresque

156 1955 384 1997 nurusque
410 1943 465 1985 Et
490 1958 581 1994 vos,
610 1945 709 2000 quis
745 1946 865 1987 vittae
903 1946 1123 2000 longaque
1162 1946 1298 1988 vestis
1336 1945 1504 1995 abest»,
1532 1946 1581 1987 A.
1610 1946 1659 1986 A.

156 2018 189 2060 L
235 2020 436 2063 31—32:
485 2021 613 2064 «Este
660 2023 814 2076 procul
854 2023 977 2065 vittae
1023 2027 1195 2072 tenues,
1244 2023 1419 2076 insigne
1461 2022 1659 2076 pudoris,

157 2096 350 2152 Quaeque
390 2100 502 2154 tegis
539 2101 723 2151 modim,
763 2102 920 2144 instita
956 2102 1102 2156 longa,
1143 2101 1322 2157 pedes»,
1349 2101 1414 2143 Ex
1438 2100 1555 2142 Pont
1580 2099 1659 2142 ΠΙ.

158 2175 196 2223 3,
224 2176 429 2219 49-52ε
462 2176 582 2220 «Scis
612 2181 776 2228 tamen,
803 2182 854 2221 ut
890 2179 1061 2234 liquido
1101 2180 1275 2222 iuratus
1313 2178 1461 2220 dicere
1498 2177 1659 2232 possis,

155 2251 260 2294 Non.
297 2266 369 2295 me
399 2254 625 2308 legitimos
667 2255 931 2298 sollicitasse
972 2259 1121 2299 toros:
1164 2254 1434 2311 Scripsimus
1466 2255 1559 2297 haec
1585 2257 1661 2306 (sc.

155 2330 307 2372 Artem
351 2330 547 2383 amandi)
572 2332 676 2381 illis,
704 2346 893 2387 quarum
932 2347 1016 2375 nec
1055 2334 1166 2376 vitta
1206 2333 1391 2388 pudicos
1431 2332 1665 2385 Contingit

154 2407 313 2457 crines,
342 2422 423 2450 nec
463 2409 578 2451 stola
613 2410 749 2464 longa
785 2409 965 2465 pedes»;
991 2397 1045 2453 de
1083 2413 1188 2465 toga
1225 2409 1435 2452 muliebri
1461 2410 1514 2451 cf.
1542 2410 1664 2451 infra.

154 2483 225 2526 IV.
259 2486 324 2535 10,
355 2487 482 2528 3—4.
512 2486 630 2540 apud
668 2485 934 2542 Sulpiciam:
968 2486 1060 2530 «Sit
1097 2488 1178 2530 tibi
1218 2501 1324 2530 cura
1361 2491 1474 2542 togae
1511 2490 1663 2543 potior

154 2575 448 2617 pressumque
487 2562 680 2617 quasillo
718 2562 948 2606 Scortum·
981 2567 1026 2606 et
1062 2564 1170 2607 Hor.
1206 2564 1295 2607 Sat.
1325 2565 1357 2607 L
1387 2567 1426 2610 2.
1456 2566 1658 2608 62-433:

161 2639 302 2692 «Quid
326 2640 446 2683 inter
470 2641 550 2682 Est
574 2641 622 2682 in
662 2642 881 2691 matrona,
925 2642 1089 2684 ancilla
1128 2656 1342 2697 peccesne
1381 2645 1572 2696 togata».
1604 2668 1617 2669 ν’
1647 2668 1651 2670 >

134 2725 268 2767 ,υειια
307 2716 473 2775 liyatos
506 2715 731 2773 Impediat
768 2717 932 2772 crines,
958 2719 1063 2774 quia
1086 2721 1303 2761 matronae
1329 2719 1440 2761 vitta
1473 2719 1657 2760 circum-

227 2811 403 2845 Nematm:
422 2811 506 2839 Aum·
527 2811 648 2840 πιηιιιι·
668 2812 832 2841 car-meua.
1468 2801 1508 2834 ¹2
