1942 3132
301 221 369 254 256
859 233 913 262 AD
935 234 984 262 11.
1006 231 1042 271 e,
1065 230 1232 260 45—50.

300 354 377 392 tua
417 351 610 400 volnera,
655 348 841 391 Caesar».
868 374 925 377 —
966 347 1058 391 Nec
1102 347 1306 390 lacrimis
1348 346 1502 389 oculos
1543 345 1688 402 diyna
1727 348 1791 390 est

300 424 485 483 foedare
510 425 736 480 loquaces,
762 427 814 467 cf.
841 426 969 479 Prop.
998 425 1030 466 Ι.
1064 426 1128 473 18,
1162 424 1360 473 15—16:
1395 425 1494 464 «tua
1530 422 1677 464 flendo
1702 423 1790 464 Lu-

300 503 424 544 mina,
464 502 644 543 deiectis
684 503 830 555 turpia
871 503 961 544 sint
1001 500 1221 542 lacrimis»
1255 502 1297 541 et
1339 498 1414 541 Ov.
1442 499 1490 541 A.
1518 499 1567 541 A.
1606 499 1640 540 Ι.
1682 501 1790 542 129:

309 581 509 620 «teneros
534 579 729 619 lacrimis
757 579 1001 632 corrumpis
1021 577 1228 619 ocellos».
1246 576 1345 618 Non
1363 578 1430 617 est
1456 575 1588 630 digna
1614 575 1787 626 foedare,

301 656 330 697 i.
360 669 395 697 e.
423 668 515 697 non
539 658 680 696 meret
705 656 799 705 hoc,
827 669 946 706 nam,
977 658 1026 696 ut
1051 668 1114 696 vs.
1144 667 1205 708 sq.
1233 653 1372 701 docet,
1401 653 1519 694 bona
1545 655 1612 694 est
1640 652 1792 706 puella

300 732 411 786 ipsa,
440 731 517 773 sed
541 732 644 773 lena
667 735 808 785 poetae
832 733 975 773 nocet.
1003 756 1061 759 —
1087 730 1228 786 digna
1264 731 1330 772 est
1367 727 1568 786 foedare,
1599 742 1700 770 cum
1723 729 1791 770 in-

301 808 484 858 finitivo,
513 811 562 849 ut
588 821 720 862 supra
744 807 816 851 IV.
845 810 882 858 6,
916 809 993 850 10:
1027 807 1214 849 «servire
1242 806 1458 859 dignior».
1482 831 1540 834 —
1568 806 1793 861 loquaoeS,

303 885 355 926 de
395 885 544 935 oculis,
572 887 623 926 ut
647 884 853 939 Meleagr.
881 884 1015 926 Anth.
1042 884 1132 925 Pal.
1160 883 1256 925 XII.
1301 884 1394 932 159,
1426 883 1564 924 3—4:
1592 881 1678 924 Ναὶ
1713 885 1790 938 γὰρ

304 962 353 1019 δὴ
376 965 426 1004 τὰ
452 964 519 1012 σὰ,
544 967 680 1017 κοῦρε,
719 965 768 1003 τὰ
805 964 876 1004 καὶ
911 967 1087 1019 ’κωφοῖσι
1125 962 1326 1002 λαλεῦντα
1350 958 1557 1016 Ὄμματα.
1583 984 1641 987 -
1665 957 1793 1002 Lena

302 1040 430 1081 ‘nocet
465 1038 613 1092 nobis,
651 1041 700 1079 ut
738 1051 868 1091 supra
907 1038 942 1079 Ι.
971 1039 1009 1087 5,
1039 1038 1240 1078 47-48:
1275 1036 1402 1077 «Haec
1441 1048 1629 1077 nocuere
1666 1036 1789 1086 mihi,

303 1115 419 1169 quod
446 1148 456 1157 .
485 1147 495 1157 .
523 1147 532 1156 .
559 1114 692 1156 Venit
717 1146 726 1155 .
756 1146 766 1155 .
795 1146 805 1155 .
831 1115 976 1155 lena».

361 1191 410 1233 V.
438 1192 627 1234 45—50.
655 1189 784 1233 Lena
810 1192 939 1233 necat
965 1190 1201 1243 miserum,
1218 1192 1355 1239 vexat,
1385 1192 1434 1230 ut
1458 1202 1584 1242 paene
1606 1189 1791 1238 moriar-3

303 1269 356 1309 cf.
397 1268 505 1309 Hor.
547 1267 685 1321 Epod.
732 1268 797 1317 14,
842 1269 893 1308 5:
939 1266 1157 1309 «Candide
1198 1265 1430 1315 Maeoenas,
1476 1265 1637 1306 occidis
1679 1278 1792 1318 saepe

303 1344 540 1398 rogando».
569 1369 627 1372 -—
653 1342 849 1399 Phryne,
874 1357 1040 1385 nomen
1078 1342 1323 1385 meretricis
1362 1341 1479 1396 apud
1517 1342 1644 1395 Prop.
1671 1341 1727 1383 II.
1755 1343 1794 1391 6,

303 1424 342 1464 6.
372 1424 415 1462 et
438 1421 547 1463 Hor.
573 1421 709 1474 Epod.
743 1422 807 1470 14,
832 1422 908 1462 16:
934 1435 1028 1462 «me
1054 1421 1263 1462 libertina
1288 1434 1431 1474 neque
1457 1432 1548 1461 uno
1576 1418 1795 1461 Contenta,

302 1499 477 1551 Phryne
503 1500 741 1547 macerat»,
771 1511 899 1551 quem
939 1499 1088 1539 locum
1113 1498 1313 1539 Tibullus
1352 1499 1538 1539 fortasse
1567 1500 1667 1538 ante
1694 1509 1795 1538 ocu-

301 1575 370 1616 los
396 1574 575 1623 habuit3
616 1575 698 1615 hoc
736 1574 833 1615 loco
860 1587 1027 1615 nomen
1065 1574 1189 1624 lenae,
1231 1575 1417 1616 fortasse
1454 1573 1554 1615 ideo
1594 1574 1792 1623 electum,

303 1652 406 1704 quia
445 1665 496 1692 ex
531 1650 836 1691 meretricibus
876 1653 1103 1692 senectute
1143 1651 1354 1692 confectis
1392 1650 1654 1703 plerumque
1684 1649 1796 1691 lenae

302 1728 428 1770 fiunt.
456 1752 514 1755 --
541 1725 732 1769 tabellas
771 1724 953 1770 Occulto
987 1730 1182 1782 portans
1221 1727 1344 1783 itque
1369 1726 1574 1783 reditque
1598 1726 1717 1780 sinu,
1742 1727 1795 1768 cf.

305 1804 380 1846 Ov.
420 1804 469 1845 A.
512 1804 562 1845 A.
604 1803 682 1844 ΠΙ.
729 1805 988 1846 621—622:
1038 1803 1250 1847 «Conscia,
1290 1818 1390 1846 cum
1430 1804 1573 1858 possit
1613 1804 1796 1857 scriptas

303 1885 479 1936 portare
521 1881 718 1931 tabellas,
757 1881 861 1932 Quae
903 1884 1023 1935 tegat
1062 1882 1111 1923 in
1152 1882 1301 1935 tepido
1345 1883 1481 1923 fascia
1520 1882 1611 1922 lata
1653 1881 1795 1922 sinu».

302 1960 458 2013 Agitur
497 1958 550 1999 de
590 1957 754 2000 tabulis
795 1959 966 2009 ceratis,
1012 1960 1171 2014 quibus
1212 1960 1260 2001 in
1302 1960 1505 2013 epistulis
1553 1957 1795 2000 scribendis

302 2035 594 2078 libentissime
621 2034 862 2076 utebantur
888 2035 1057 2090 antiqui
1072 2050 1083 2085 ;
1121 2037 1268 2090 potuit
1293 2037 1413 2078 enim
1445 2036 1494 2086 is,
1525 2035 1597 2089 qui
1624 2035 1795 2076 litteras

303 2114 479 2167 accepit,
508 2113 653 2154 deleto
680 2113 727 2153 in
754 2126 854 2154 cera
880 2114 1043 2168 scripto
1084 2115 1234 2156 statim
1274 2114 1512 2156 rescribere
1540 2115 1582 2154 et
1607 2111 1794 2153 tabellas

303 2189 539 2230 remittere.
586 2188 712 2230 Tales
759 2188 937 2230 tabellae
984 2190 1102 2232 ultro
1152 2190 1350 2244 citroque
1401 2189 1691 2230 mittebantur
1739 2186 1794 2228 ab

304 2264 555 2306 amantibus
571 2278 581 2313 ;
620 2265 672 2304 cf.
715 2277 848 2318 supra
888 2264 1010 2319 Sulp.
1037 2265 1109 2308 IV.
1140 2267 1176 2316 7,
1207 2267 1231 2307 7
1249 2280 1259 2315 ;
1285 2266 1414 2319 Prop.
1441 2264 1520 2306 III.
1548 2266 1617 2307 23.
1646 2266 1690 2306 et
1716 2261 1793 2304 Ov.

302 2341 397 2382 Am.
424 2341 458 2382 Ι.
490 2342 556 2383 12.
583 2365 642 2369 —-
667 2341 790 2396 itque
814 2340 1037 2398 reditque,
1062 2346 1111 2385 ut
1137 2343 1264 2396 Verg.
1287 2344 1395 2384 Aen.
1421 2342 1492 2384 VI.
1515 2343 1623 2384 1292:
1644 2340 1794 2394 «Itque

303 2417 503 2470 reditque
528 2417 645 2458 viam
683 2417 890 2459 totiens».
917 2418 984 2459 Ad
1022 2433 1115 2460 rem
1151 2420 1295 2473 ipsam
1334 2419 1386 2460 cf.
1415 2417 1492 2459 Ov.
1517 2418 1613 2459 Am.
1639 2416 1696 2458 H.
1726 2417 1790 2466 19,

303 2493 503 2534 41—42:
537 2492 679 2543 «Quas
721 2494 834 2535 ferat
874 2497 917 2535 et
957 2495 1119 2536 referat
1164 2495 1320 2536 sollers
1362 2494 1524 2535 ancilla
1563 2493 1792 2541 tabellas»,

303 2569 407 2611 ibid.
434 2569 512 2611 IH.
545 2570 608 2618 14,
641 2570 720 2610 31:
755 2569 867 2611 «Gur
890 2571 1055 2612 totiens
1081 2570 1209 2613 video
1241 2571 1360 2612 mitti
1398 2571 1618 2623 recipique
1655 2568 1791 2610 tabel-

303 2648 394 2689 las»
427 2649 470 2688 et
505 2647 553 2689 A.
581 2647 630 2688 A.
657 2646 690 2688 I.
721 2648 829 2689 383:
865 2648 1083 2700 «(ancilla)
1123 2648 1227 2690 dum
1265 2647 1341 2689 dat
1377 2647 1617 2700 recipitque
1654 2645 1791 2687 tabel-

305 2723 414 2765 las».
445 2747 504 2751 -—
544 2722 666 2777 sinu,
711 2735 767 2764 sc.
807 2723 956 2765 vestis.
994 2748 1053 2752 —
1093 2723 1248 2766 limine
1296 2722 1426 2777 duro,
1470 2721 1650 2772 crudeli,
1690 2722 1792 2776 quia
