1942 3132
308 204 377 238 ⁶2⁰2
871 221 927 250 AD
947 222 996 250 11.
1022 220 1052 258 1,
1077 219 1242 250 33—36.

315 333 437 383 Cedo
466 335 711 386 ablativus3
752 338 806 379 ef.
846 338 944 380 ad'n.
984 352 1116 391 supra
1154 338 1209 379 ad
1245 351 1307 379 vs.
1338 339 1392 380 7:
1438 338 1626 382 «Solvite
1652 339 1799 382 vincla

309 412 466 465 iugis».
491 437 549 440 ——
578 410 691 455 Vina
709 412 828 456 diem
854 414 1087 467 eelebrent,
1114 415 1141 455 i.
1173 428 1207 457 e.
1228 414 1344 456 vinis
1371 414 1487 456 diem
1515 415 1799 473 celebremus,

309 491 359 529 ut
383 489 501 536 infra
527 489 583 530 ΙΙ.
614 490 651 538 3,
679 491 735 532 47
753 506 763 532 z
796 491 874 532 «At
899 491 1011 532 mihi
1037 491 1138 532 laeta
1177 491 1360 532 trahant
1398 490 1555 533 Samiae
1597 492 1799 534 convivia

309 568 455 607 testae»
488 566 513 607 i.
546 579 578 606 e.
610 579 689 619 ego
716 567 891 608 traham
917 567 1121 608 convivia
1155 566 1316 608 Samiis
1348 569 1478 609 vasis.
1498 581 1665 611 ——non
1680 568 1799 624 festa

312 641 408 684 luce
434 640 617 684 madere
643 641 727 684 Est
749 643 904 696 rubor,
931 645 982 685 ef.
1009 644 1100 685 Liv.
1130 644 1218 686 XL.
1249 645 1329 686 14:
1363 644 1483 685 «Non
1511 647 1577 686 est
1601 658 1684 695 res,
1712 658 1800 699 qua

311 718 579 767 erubescam,
608 721 746 772 pater,
776 719 812 761 si
840 720 909 761 die
949 721 1060 761 festo
1099 721 1217 761 inter
1254 720 1444 774 aequales
1481 721 1670 774 largiore
1694 721 1799 763 vino

311 808 410 836 sum
442 808 603 844 usus»;
646 795 721 837 Ov.
764 795 881 838 Fast.
910 797 981 838 VI.
1022 798 1119 839 778.
1162 797 1214 838 de
1257 797 1369 838 festo
1409 796 1642 840 Fortunae:
1688 798 1799 842 «Nee

310 871 475 925 pudeat
512 874 642 926 potos
680 872 784 914 inde
832 862 973 915 redire
1014 874 1239 916 domum».
1269 899 1327 901 —
1352 873 1550 925 madere,
1591 887 1646 916 se.
1679 875 1796 925 vino,

310 949 533 994 inebriari,
563 951 612 990 ut
637 950 754 991 infra
779 950 833 991 II.
864 952 902 998 2,
933 952 984 992 8:
1015 950 1300 1004 «madeatque
1326 964 1473 991 mero»
1506 953 1550 992 et
1565 951 1620 993 H.
1648 952 1687 1001 5,
1717 952 1800 994 87:

317 1025 544 1067 «madidus
570 1026 787 1068 Baccho».
814 1052 871 1054 —
898 1028 1101 1069 errantes
1139 1030 1180 1070 et
1204 1027 1326 1069 male
1352 1027 1470 1083 ferre
1492 1026 1645 1082 pedes,
1687 1041 1800 1081 aegre

309 1103 484 1144 trahere
522 1103 682 1156 pedes3
721 1104 773 1145 ef.
813 1103 887 1146 Ov.
927 1103 1045 1146 Fast.
1087 1104 1157 1146 VI.
1203 1105 1464 1147 677—678:
1512 1104 1624 1146 «Nee
1661 1118 1798 1153 mora,

311 1180 504 1221 convivae
521 1179 667 1221 valido
693 1181 932 1222 titubantia
948 1181 1051 1222 vino
1070 1181 1269 1222 Membra
1290 1183 1483 1229 movent,
1513 1181 1633 1222 dubii
1661 1183 1800 1223 stant-

312 1269 393 1309 que
420 1255 659 1310 labantque
686 1256 862 1310 pedes».
885 1282 939 1285 —
959 1256 1066 1299 bene
1093 1256 1370 1306 Messallam,
1397 1270 1452 1299 sc.
1477 1258 1624 1298 valere
1647 1257 1801 1307 iube0;

311 1335 419 1374 nota
446 1334 638 1374 formula
664 1334 919 1382 convivalis,
948 1336 997 1375 ut
1033 1334 1174 1375 Plaut.
1205 1332 1338 1375 Stich.
1368 1334 1415 1376 V.
1456 1335 1497 1382 4,
1539 1335 1621 1376 27:
1665 1334 1801 1375 «bene

310 1424 404 1460 nos,
433 1410 547 1451 bene
571 1423 662 1459 vos,
690 1410 803 1452 bene
829 1413 885 1458 te,
914 1410 1026 1451 bene
1052 1424 1135 1459 me,
1176 1410 1288 1451 bene
1314 1413 1516 1452 nostrum
1545 1411 1680 1452 etiam
1706 1409 1799 1452 Ste-

310 1489 552 1542 phanium»
576 1504 584 1537 ;
614 1489 691 1531 Ov.
717 1489 835 1531 Fast.
864 1489 918 1530 II.
950 1489 1061 1530 637:
1095 1488 1174 1529 «Et
1202 1488 1311 1529 bene
1338 1501 1429 1536 vos,
1455 1487 1567 1528 bene
1594 1489 1651 1538 te,
1674 1490 1803 1541 pater

313 1566 479 1618 optime
506 1565 663 1611 Caesar,
693 1565 878 1607 Dicite».
907 1591 965 1593 -—-
992 1564 1178 1619 sinyula
1202 1564 1356 1616 verba,
1383 1577 1650 1618 unoquoque
1676 1577 1802 1617 paene

311 1643 443 1683 verbo
472 1642 693 1684 Messallae
720 1642 798 1683 fiat
823 1642 1005 1683 mentio.

370 1719 420 1760 V.
449 1720 634 1761 33—36.
686 1717 842 1761 Gentis
884 1717 1131 1773 Aquitanae
1153 1750 1163 1759 .
1187 1750 1196 1759 .
1222 1750 1231 1758 .
1274 1716 1533 1771 triumphis,
1575 1717 1802 1770 triumpho

313 1810 348 1838 a.
380 1811 415 1838 a.
446 1796 545 1838 Chr.
574 1810 617 1837 n.
647 1798 715 1838 27.
745 1796 798 1836 de
823 1795 1057 1849 Aquitanis
1084 1798 1195 1845 aeto,
1223 1794 1275 1836 de
1303 1808 1388 1848 quo
1414 1794 1512 1835 vide
1541 1794 1730 1848 supraI.
1761 1795 1799 1835 7.

312 1899 368 1901 v
396 1871 453 1915 Et
480 1886 651 1929 maqna
677 1872 873 1914 intonsis
899 1871 1048 1927 yloria
1070 1871 1211 1913 victor
1236 1871 1348 1922 avis,
1377 1872 1480 1925 quia
1495 1871 1692 1912 victoriis
1710 1870 1803 1913 suis

312 1950 523 2004 praeclara
568 1950 714 2003 gentis
755 1949 940 1990 Valeriae
983 1950 1099 1990 faeta
1140 1949 1406 1997 cumulavit3
1450 1948 1501 1989 cf.
1551 1948 1709 2000 Paneg.
1754 1947 1803 1988 in

312 2027 442 2069 Mess.
480 2029 560 2068 32:
609 2027 777 2078 «Quam
803 2026 884 2067 tibi
910 2026 1115 2074 maiores,
1144 2025 1289 2066 maius
1317 2024 1448 2066 decus
1475 2024 1570 2077 ipse
1598 2023 1802 2065 futuris».

312 2129 369 2132 ψ
395 2105 592 2147 intonsis
615 2137 624 2145 .
650 2137 659 2145 .
685 2136 694 2144 .
726 2104 839 2156 avis,
864 2116 982 2151 nam,
1011 2105 1060 2143 ut
1086 2102 1222 2143 Varro
1250 2102 1316 2143 De
1342 2115 1388 2142 re
1415 2103 1520 2142 rust.
1549 2101 1603 2142 II.
1638 2101 1702 2150 11,
1737 2101 1803 2143 10.

314 2181 444 2223 dicit:
479 2180 695 2222 «Omnino
723 2183 926 2221 tonsores
953 2180 1001 2220 in
1027 2179 1203 2220 Italiam
1229 2179 1423 2232 primum
1448 2178 1624 2219 venisse
1660 2191 1711 2219 ex
1737 2175 1801 2219 Si-

314 2259 415 2300 cilia
456 2258 662 2299 dieuntur
702 2271 743 2310 p.
785 2257 833 2298 R.
875 2270 907 2298 0.
949 2270 986 2297 a.
1032 2257 1148 2305 453„
1196 2258 1246 2297 ut
1291 2255 1505 2308 scriptum
1537 2254 1584 2295 in
1623 2253 1802 2307 publico

311 2335 464 2376 Ardeae
490 2336 539 2376 in
564 2335 725 2375 litteris
754 2336 906 2384 exstat,
927 2347 1089 2387 eosque
1111 2332 1344 2373 adduxisse
1367 2331 1571 2372 Publium
1589 2331 1802 2372 Titinium

313 2412 509 2453 Menam.
538 2411 656 2453 Olim
681 2414 883 2452 tonsores
910 2423 1003 2451 non
1019 2410 1155 2451 fuisse
1185 2407 1493 2461 adsignifieant
1519 2407 1803 2460 antiquorum

316 2490 483 2537 statuae,
514 2487 629 2542 quod
643 2487 862 2540 pleraeque
885 2485 1052 2527 habent
1067 2485 1279 2539 capillum
1293 2486 1336 2525 et
1353 2483 1531 2525 barbam
1549 2495 1799 2535 magnam».

314 2564 438 2606 Idem
465 2564 554 2604 fere
581 2562 687 2603 dicit
712 2562 825 2603 Plin.
853 2562 902 2603 N.
931 2561 986 2602 H.
1006 2561 1101 2603 VII.
1122 2562 1219 2603 211.
1249 2560 1473 2601 Tibullum
1498 2558 1696 2599 imitatur
1723 2556 1801 2601 Ovc.

313 2641 432 2682 Fast.
460 2640 515 2681 II.
546 2641 626 2682 30:
660 2639 778 2680 «Hoc
806 2638 924 2692 apud
950 2639 1153 2680 intonsos
1180 2650 1345 2679 nomen
1362 2635 1552 2678 habebat
1579 2647 1724 2675 avos».
1745 2658 1803 2663 ἡ

318 2716 421 2760 Huc
445 2715 551 2758 ades
577 2715 825 2770 aspiraque
851 2713 977 2765 mihi,
1005 2714 1060 2755 ad
1085 2713 1354 2761 Messallam,
1386 2715 1613 2764 tamquam
1641 2709 1694 2751 ad.
1720 2723 1800 2754 nu-v
