1942 3132
295 209 364 244 262
852 226 908 254 AD
927 226 976 254 11.
999 224 1033 263 3,
1060 223 1223 254 17—28.

293 341 425 383 refert
449 341 593 395 primo
621 354 792 395 quoque
817 343 1015 395 tempore
1043 353 1188 383 serum
1214 340 1431 394 percolari
1458 342 1502 382 et
1527 354 1552 382 a
1577 343 1781 383 concreta

291 418 479 460 materia
506 418 723 471 separari»
732 432 743 467 ;
770 417 974 472 Calpurn.
1003 417 1092 459 Ecl.
1122 418 1160 466 9,
1182 417 1261 458 33:
1286 416 1410 470 «Ipse
1437 429 1516 470 ego
1542 430 1623 459 nec
1647 418 1779 460 iunco

292 495 419 536 molli
444 507 525 536 nec
550 495 716 536 vimine
753 494 874 536 lento
912 494 1078 536 Perfeci
1117 493 1318 534 calathos
1356 492 1541 545 cogendi
1572 494 1700 535 lactis
1731 493 1780 535 in

291 585 441 613 usus».
457 596 515 600 —
528 570 743 627 Raraque
767 583 847 626 per
871 583 1017 614 nexus
1043 573 1108 614 est
1125 570 1201 613 via
1218 569 1342 625 sacta
1357 582 1472 624 sero,
1488 583 1665 613 versum
1679 571 1778 612 imi-

289 650 410 689 tatur
434 647 510 689 Ov.
537 647 654 689 Fast.
681 647 752 689 IV.
782 648 891 689 770:
916 647 1141 701 «Dentque
1156 647 1276 689 viam
1300 646 1470 700 liquido
1494 647 1663 688 vimina
1680 660 1779 688 rara

292 737 431 767 sero».
459 750 517 753 —
535 737 621 780 per
645 736 806 777 nexus,
834 737 889 766 sc.
917 725 1147 773 viminum,
1175 737 1254 777 per
1279 725 1455 764 cratem.

348 801 397 844 V.
431 803 613 844 17-—'20.
646 798 684 843 Ο
715 801 921 857 quotiens
949 835 957 843 .
989 835 996 843 .
1027 835 1034 843 .
1065 800 1231 843 dicitur
1269 811 1509 842 occurrens
1547 799 1779 843 erubuisse

290 890 436 932 soror,
461 877 607 919 Diana
645 878 845 920 venatrix
883 891 962 931 per
1002 890 1129 931 agros
1170 876 1446 925 discurrens3
1487 876 1633 918 locum
1675 877 1778 918 ante

290 955 441 997 oculos
479 954 635 996 habuit
659 953 753 996 Val.
792 953 934 995 Flacc.
968 954 999 995 Ι.
1028 954 1276 995 447—448.
1317 953 1370 994 de
1411 953 1563 994 eadem
1601 953 1775 995 fabula:

295 1030 355 1071 «A
381 1031 554 1084 quoties
579 1030 747 1072 famulo
773 1030 892 1072 notis
919 1043 1042 1072 soror
1068 1030 1194 1072 obvia
1221 1030 1344 1072 silvis
1368 1030 1554 1071 Flevit».
1573 1054 1632 1057 —
1651 1029 1775 1072 vitu-

289 1109 384 1151 lum
408 1109 628 1163 qestante,
651 1107 842 1150 vitulum
877 1107 1009 1149 modo
1048 1109 1203 1148 natum
1232 1109 1307 1148 aut
1331 1105 1559 1148 infirmum
1583 1106 1749 1148 umeris
1763 1120 1774 1156 ;

287 1185 339 1226 cf.
370 1197 503 1238 supra
531 1184 629 1226 adn.
660 1183 714 1226 ad
738 1184 771 1226 Ι.
804 1186 839 1233 1,
869 1185 948 1225 31:
982 1183 1104 1225 «Non
1131 1196 1345 1236 agnamve
1374 1183 1475 1224 sinu
1500 1183 1691 1236 pigeat».
1717 1206 1777 1211 —

288 1273 430 1315 ausae,
456 1261 637 1315 supple:
667 1263 781 1302 sunt.
800 1285 858 1289 —
874 1260 993 1303 valle
1019 1259 1118 1314 sub,
1145 1261 1191 1301 in
1217 1261 1307 1301 ima
1332 1262 1469 1313 parte,
1488 1260 1537 1301 in
1554 1259 1774 1313 profundo

285 1338 441 1386 vallis;
468 1338 520 1379 cf.
547 1337 673 1390 Verg.
701 1337 807 1379 Aen.
835 1337 909 1378 IX.
938 1338 1049 1379 244:
1084 1336 1310 1378 «Vidimus
1349 1336 1546 1378 obscuris
1583 1337 1774 1390 primam

287 1414 367 1456 sub
404 1414 594 1456 vallibus
632 1414 827 1455 urbem».
855 1439 913 1442 —
940 1413 1050 1468 alta,
1076 1414 1128 1454 cf.
1170 1413 1268 1454 adn.
1311 1426 1443 1467 supra
1482 1413 1537 1454 ad
1560 1413 1593 1455 Ι.
1622 1414 1662 1462 4,
1689 1414 1797 1465 492>

292 1490 428 1533 «altas
468 1491 649 1533 valles».
684 1515 741 1518 —
774 1490 984 1533 carmina
1025 1488 1168 1544 docta,
1210 1502 1382 1531 summa
1424 1492 1515 1531 arte
1554 1491 1773 1543 perfecta;

286 1568 337 1609 cf.
367 1581 500 1621 supra
526 1567 624 1609 adn.
654 1566 709 1608 ad
733 1567 766 1608 I.
794 1568 836 1617 4,
865 1567 944 1608 60:
979 1566 1155 1607 «doctos
1180 1568 1375 1619 poetas».

343 1647 390 1687 V.
420 1644 607 1685 21—28.
635 1640 764 1697 Saepe
795 1641 930 1684 duces
971 1641 1158 1698 trepidis
1188 1641 1359 1698 petiere
1397 1642 1587 1684 oracula
1623 1641 1774 1696 rebus,

283 1723 414 1774 poeta
460 1723 563 1762 ante
610 1720 760 1761 oculos
807 1719 1013 1762 habuisse
1054 1719 1227 1761 videtur
1266 1719 1391 1772 Verg.
1434 1718 1510 1761 Ge.
1549 1718 1620 1760 IV.
1660 1719 1772 1760 448:

290 1797 526 1838 «Venimus
553 1798 655 1838 hinc
682 1797 819 1850 lapsis
846 1797 1079 1850 quaesitum
1106 1796 1283 1837 oracula
1309 1795 1480 1838 rebus».
1503 1820 1562 1823 -—
1587 1794 1774 1850 trepidis

284 1907 291 1914 .
323 1907 330 1915 .
361 1907 368 1915 .
398 1873 550 1927 rebus,
587 1874 634 1914 in
673 1876 723 1915 tr.
758 1888 806 1923 r.,
846 1874 894 1914 in
931 1874 1127 1927 periculo
1164 1872 1340 1926 publico
1357 1887 1367 1922 3
1407 1874 1458 1914 cf.
1493 1871 1598 1914 Hor.
1629 1871 1770 1914 Carm.

281 1950 359 1991 III.
380 1951 420 1999 2,
439 1952 578 1992 5-—62
603 1950 860 2004 «Vitamque
879 1951 959 1992 sub
986 1951 1086 1992 divo
1115 1953 1157 1991 et
1182 1950 1365 2004 trepidis
1393 1953 1494 2004 agat
1517 1950 1572 1991 In
1596 1950 1751 1991 rebus»
1759 1963 1770 1999 ;

281 2025 408 2079 Verg.
448 2027 553 2068 Aen.
594 2027 664 2068 VI.
710 2028 815 2068 196:
856 2030 1013 2080 «tuque
1041 2041 1065 2068 o
1093 2027 1238 2069 dubiis
1276 2040 1332 2068 ne
1372 2025 1504 2068 defice
1542 2027 1696 2068 rebus»
1729 2029 1772 2067 et

281 2102 384 2144 ibid.
413 2103 505 2145 VH.
536 2104 735 2145 85—86:
784 2104 924 2146 «Hinc
950 2105 1073 2148 Italae
1113 2107 1267 2159 gentes
1301 2105 1532 2158 omnisque
1560 2103 1770 2146 Oenotria

281 2180 413 2220 tellus
438 2179 492 2221 In
519 2180 661 2221 dubiis
686 2195 898 2234 responsa
924 2184 1123 2235 petunt».
1151 2206 1209 2210 —
1234 2181 1382 2232 irrita,
1410 2181 1674 2223 adiectivum
1689 2194 1768 2234 pro

283 2255 511 2296 adverbio:
554 2257 728 2306 frustra,
773 2271 818 2299 re
858 2258 1033 2299 infecta.
1073 2283 1129 2286 —
1169 2257 1314 2300 doluit
1356 2255 1551 2312 Latona,
1590 2259 1771 2311 propter

282 2345 477 2373 amorem
502 2335 765 2375 maternum.
784 2359 842 2362 —
868 2347 1075 2389 noverca,
1100 2335 1226 2376 Iuno.
1245 2359 1302 2362 —
1329 2334 1561 2389 crinesque
1587 2333 1770 2389 solutos,

281 2421 386 2449 nam
411 2408 568 2461 Apollo
597 2410 705 2451 alias
732 2411 875 2451 crines
902 2411 948 2451 in
974 2411 1141 2452 nodum
1169 2412 1393 2464 eleganter
1418 2410 1622 2464 colligere
1656 2411 1767 2452 sole-

279 2484 366 2534 bat,
395 2487 445 2526 ut
477 2486 608 2526 etiam
647 2487 695 2526 in
720 2487 926 2540 Apolline
964 2487 1205 2528 citharoedo
1231 2487 1444 2528 Vaticano
1471 2487 1681 2529 videmus.
1709 2511 1768 2516 —-

280 2564 512 2617 quaereret,
552 2562 831 2613 desideraret,
874 2565 1116 2617 requireret
1131 2579 1141 2613 ;
1184 2565 1235 2605 cf.
1277 2563 1352 2605 Ov.
1391 2564 1509 2605 Fast.
1543 2563 1613 2605 VI.
1655 2564 1764 2606 667:

242 2633 244 2635 ’
286 2635 530 2687 «Quaeritur
566 2638 614 2678 in
651 2651 783 2679 scena
820 2652 925 2680 cava
963 2639 1084 2687 tibia,
1127 2641 1334 2693 quaeritur
1376 2640 1504 2681 aris».
1532 2663 1590 2667 —
1613 2636 1766 2693 Delos,

279 2713 355 2754 ubi
380 2713 538 2767 Apollo
564 2716 694 2755 natus
724 2717 789 2756 est
814 2716 1116 2768 templumque
1145 2716 1301 2756 habuit
1333 2715 1679 2756 celeberrimum.
1707 2739 1766 2744 —
