1942 3132
747 242 806 272 u>
824 241 875 272 11.
899 239 933 278 ,1,
954 237 1121 269 83—90.
1615 223 1682 259 211

194 363 376 417 naviget
399 361 476 404 ille
503 373 624 404 suo».
651 383 710 388 —
736 355 934 413 dapibus
963 355 1103 413 festis,
1139 355 1342 398 dativus:
1370 355 1425 396 ad
1451 355 1599 409 dapes.
1628 380 1685 384 —

188 449 310 496 pone
337 438 530 495 sagittas
555 435 614 480 Et
636 434 803 492 procul
833 432 1046 477 ardentes
1073 431 1179 476 hinc
1210 444 1376 489 precor
1412 431 1528 474 abde
1553 432 1686 488 faces,

194 516 290 558 noli
318 529 402 558 nos
427 514 619 570 graviter
642 512 903 562 vulnerare;
930 511 983 552 cf.
1011 510 1130 552 infra
1165 510 1221 552 H.
1251 511 1291 559 6,
1325 510 1522 552 15—16:
1555 510 1689 551 «Acer

195 593 344 642 Amor,
372 593 532 635 fractas
556 591 732 633 utinam
756 592 835 631 tua
865 588 954 631 tela
981 587 1178 643 sagittas,
1220 585 1266 630 Si
1303 587 1421 638 licet,
1449 586 1687 628 exstinctas

194 670 498 724 aspiciamque
523 668 682 710 faces».
720 665 844 708 Duas
881 666 1000 708 faces
1026 664 1161 707 habet
1190 663 1350 715 Amor;
1390 664 1444 705 cf.
1472 662 1590 704 infra
1614 662 1685 704 IV.

195 748 238 797 2,
280 747 333 789 6:
376 743 612 787 «Accendit
646 743 850 798 geminas
886 741 1120 796 lampadas
1158 754 1258 783 acer
1294 741 1454 782 Amor»
1502 741 1547 781 et
1587 739 1686 781 adn.

194 823 264 867 ad.
292 822 334 867 h.
361 822 390 865 1.

256 900 307 944 V.
335 899 523 943 83-86.
561 896 660 948 Vos,
690 898 766 952 qui
791 897 955 940 festum
982 896 1125 952 agitis
1154 921 1212 924 —
1237 894 1474 948 celebrem,
1498 894 1690 938 celebra-

198 979 308 1027 tum,
333 979 385 1019 ut
408 977 526 1019 infra
545 975 616 1018 IV.
640 977 681 1026 4,
701 977 770 1018 23.
798 975 851 1017 de
878 975 1112 1030 Apofflne:
1142 974 1262 1016 «Iam
1287 973 1473 1023 celeber,
1501 973 1592 1014 iam
1616 972 1690 1014 lae-

205 1055 278 1096 tus
304 1054 404 1104 eris,
434 1066 537 1095 cum
561 1052 711 1095 debita
734 1052 889 1095 reddet
913 1051 1127 1095 Certatim
1153 1051 1320 1094 sanctis
1350 1051 1479 1092 laetus
1505 1052 1691 1104 uterque

198 1131 366 1182 focis-3
394 1131 446 1173 cf.
470 1129 578 1173 Hor.
612 1130 667 1172 IL
701 1131 766 1180 12,
795 1131 878 1172 20:
910 1128 1081 1171 «Diana
1106 1128 1317 1171 celebris»
1350 1131 1394 1170 et
1419 1127 1494 1170 Ov.
1525 1127 1628 1169 Met.
1656 1127 1689 1169 L

197 1209 311 1252 747:
343 1207 449 1250 udea
465 1207 792 1250 celeberrima».
820 1231 879 1235 —
899 1205 1142 1262 pecorique
1157 1207 1326 1256 vocate,
1343 1208 1394 1247 111
1410 1205 1485 1247 det
1501 1205 1692 1246 feturam

195 1285 379 1340 largam.
407 1310 466 1313 —
492 1286 662 1327 vocate‘
680 1282 806 1335 Voce,
833 1284 954 1326 clara
977 1297 1098 1334 voce,
1125 1283 1278 1338 palam
1303 1285 1485 1332 vocate;
1513 1285 1582 1324 est
1606 1282 1691 1323 for-

197 1362 323 1405 mula
347 1362 595 1413 sollemnis,
621 1363 672 1403 ut
696 1361 824 1416 Verg.
857 1362 965 1403 Aen.
992 1361 1065 1403 IV.
1106 1361 1369 1403 680—681:
1413 1360 1693 1414 «patriosque

199 1439 354 1481 vocavi
378 1438 497 1482 Voce
534 1438 664 1481 deos»
708 1442 751 1480 et
789 1437 892 1481 ibid.
920 1438 993 1480 VL
1034 1438 1149 1480 247:
1194 1437 1336 1479 «Voce
1360 1450 1526 1479 vocans
1551 1436 1693 1479 Heca-

194 1518 318 1558 ten».
345 1541 404 1544 -—
423 1515 588 1572 palam
607 1515 779 1572 pecori,
811 1514 932 1558 clam
963 1514 1052 1558 sibi
1089 1515 1283 1571 quisque
1318 1515 1457 1571 φορεῖ,
1498 1514 1549 1556 cf.
1578 1514 1697 1556 infra

198 1584 271 1636 IV.
300 1595 341 1644 5,
369 1595 452 1636 20:
492 1592 623 1648 «quid
648 1593 794 1641 refert,
834 1593 1008 1635 clamne
1033 1592 1244 1646 palamne
1281 1594 1405 1645 roget
1416 1595 1460 1634 P»
1491 1617 1551 1620 ——
1574 1591 1695 1635 clam

196 1670 292 1714 sibi
317 1670 519 1726 quisque,
559 1671 664 1724 quia
699 1669 838 1725 pudet
862 1673 1066 1713 amantes
1103 1670 1254 1724 palam
1291 1670 1423 1712 fateri
1448 1672 1552 1711 vota
1589 1682 1695 1718 sua;

200 1748 256 1789 cf.
284 1748 402 1789 infra
425 1747 497 1790 IV.
525 1749 566 1798 5,
606 1748 670 1790 18.
707 1747 761 1790 de
786 1747 1000 1790 Cerintho
1038 1750 1243 1789 amante:
1278 1746 1415 1789 «Nam
1439 1746 1578 1801 pudet
1603 1747 1697 1788 haec

204 1823 334 1866 11111111
359 1823 503 1866 dicere
528 1824 663 1866 verba
692 1824 885 1878 palam».
912 1849 971 1852 —
998 1823 1134 1867 turba
1164 1824 1331 1871 iocosa,
1362 1823 1558 1866 convivae
1584 1822 1696 1864 hila-

203 1914 286 1943 res,
315 1925 373 1930 -—
397 1898 598 1956 Phryqio
625 1900 741 1944 tibia
757 1912 896 1943 curva
913 1912 1040 1954 sono,
1057 1900 1168 1943 tibia
1181 1900 1384 1954 Phrygia,
1404 1913 1491 1955 qua
1506 1900 1696 1942 Romani

204 1979 255 2021 in
281 1977 506 2021 sacrificiis
545 1981 588 2019 et
629 1978 774 2033 epulis
811 1978 1065 2027 utebantur,
1095 1992 1118 2020 e
1151 1978 1266 2020 buxo
1307 1981 1399 2019 erat
1439 1978 1556 2019 facta
1582 1981 1625 2019 et
1651 1978 1697 2019 in

202 2054 293 2098 fine
321 2055 462 2098 altero
486 2056 535 2097 in
561 2056 743 2098 modum
769 2069 932 2098 cornus
956 2058 1139 2099 curvata
1153 2070 1164 2106 ;
1197 2068 1359 2098 sonum
1386 2054 1577 2097 habebat
1600 2068 1695 2108 gra·

202 2145 316 2175 vem.
346 2131 408 2175 Cf.
439 2131 598 2175 catull.
633 2134 703 2185 63,
744 2134 826 2176 22:
869 2132 1074 2176 «Tibicen
1108 2132 1186 2175 ubi
1226 2133 1348 2177 canit
1383 2132 1529 2187 Phryx
1566 2146 1698 2175 curvo

206 2223 340 2265 grave
373 2210 570 2252 calamo»
614 2214 656 2253 et
693 2209 769 2253 Ov.
803 2210 923 2253 Fast.
962 2210 1034 2253 IV.
1076 2211 1184 2254 181:
1224 2209 1412 2253 «inflexo
1437 2209 1700 2264 Berecyntia

202 2285 317 2329 tibia
341 2300 520 2329 cornu».

266 2363 316 2407 V.
345 2364 533 2407 87—90.
562 2362 670 2407 Nooe
705 2364 854 2421 iun-(lit
878 2377 1035 2420 equos,
1061 2365 1189 2407 Nocti
1214 2365 1364 2420 bigam
1389 2365 1547 2407 tribuit
1571 2365 1696 2419 Verg.

205 2441 316 2483 Aen.
343 2439 416 2482 IV.
446 2441 527 2483 721
547 2456 558 2483 :
589 2440 669 2483 «Et
692 2441 788 2484 Nox
812 2444 909 2484 atra
924 2442 1079 2496 polum
1106 2442 1220 2496 bigis
1243 2443 1451 2485 subvecta
1476 2442 1698 2491 tenebat»,

205 2517 467 2573 quadrigam
504 2517 640 2571 Lygd.
679 2519 719 2568 4,
765 2519 962 2561 17—-182
1007 2519 1126 2560 «Iam
1163 2518 1258 2560 Nox
1294 2519 1529 2560 aetherium
1561 2519 1700 2573 nigris

205 2608 390 2637 emensa
416 2594 642 2649 quadrigis
667 2593 927 2638 Mundum».
956 2620 1007 2623 —
1039 2606 1312 2650 eum-umque
1338 2597 1595 2650 sequuntur
1618 2630 1625 2637 .
1651 2629 1660 2638 .
1691 2630 1698 2637 .

207 2669 377 2722 sidera,
417 2674 468 2714 111
504 2671 684 2713 Theocr.
725 2671 780 2713 Π.
826 2672 933 2714 166:
969 2669 1156 2727 Ἀστέρες
1195 2669 1390 2728 εὐκήλοιο
1426 2671 1518 2714 κατ’
1552 2672 1699 2726 ἄντυγα

210 2746 372 2797 Νυκτὸς
399 2747 558 2793 ὀπαδοί.
584 2774 637 2778 -—
669 2747 842 2799 Matris,
870 2750 965 2793 Nox
990 2753 1058 2792 est
1083 2754 1225 2793 mater
1243 2750 1452 2800 siderum,
1476 2753 1525 2792 ut
1550 2750 1697 2803 Eurip.

1495 2832 1558 2866 14*
