1942 3132
0 402 5 484 Ξ

0 499 8 568 ss}

0 569 7 676 ,ἑ

0 684 4 720 ,ι

0 721 6 799 l

836 200 1054 233 BXGUBSUS
1073 201 1113 230 V.
1654 182 1723 221 327

387 323 441 363 Et
468 326 507 362 te
539 323 637 362 dum
663 323 786 362 liceat
813 319 966 359 teneris
994 318 1171 366 retinere
1200 318 1374 363 lacertis,

442 393 579 432 Mollis
608 394 650 432 et
674 393 722 432 in
750 390 852 430 dura
880 391 934 429 sit
960 387 1066 428 mihi
1093 400 1263 440 somnus
1291 387 1428 426 humo.

228 555 326 598 Hoo
351 556 449 597 loeo
476 558 608 610 poeta
632 552 787 609 procul
813 551 947 594 dubio
975 550 1030 593 ad
1056 549 1223 591 bellum
1247 548 1469 590 Messallae
1495 548 1543 590 in
1570 546 1726 590 Cilicia

227 636 403 688 gestum
429 631 590 676 alludit
613 632 793 686 vultque
820 629 988 672 dicere:
1017 641 1063 670 se
1103 627 1206 669 huic
1244 625 1361 667 bello
1399 638 1548 667 amore
1586 624 1724 666 Deliae

228 712 452 752 retentum
478 722 571 751 non
595 707 864 750 interfuisse.

624 949 673 989 V.
702 949 811 988 Num
838 947 965 987 Delia
991 947 1133 997 nupta
1159 944 1332 985 fuerit?

289 1096 562 1150 Interpretes
587 1093 763 1136 Deliam
788 1092 890 1134 inde
919 1092 970 1134 ab
996 1091 1030 1134 Ι.
1072 1092 1112 1134 2.
1150 1092 1339 1145 nuptam
1377 1089 1515 1131 fuisse
1551 1090 1725 1142 putant,

230 1173 335 1227 quia
359 1173 406 1214 in
431 1171 465 1214 Ι.
495 1173 533 1214 2.
563 1174 608 1213 et
633 1172 670 1213 6.
700 1171 789 1219 ille,
820 1170 895 1225 qui
921 1168 1096 1214 Deliam
1122 1168 1170 1209 in
1196 1166 1328 1209 domo
1357 1178 1438 1207 sua
1471 1164 1616 1213 habet,
1657 1163 1729 1206 viv·

229 1250 278 1302 (Ι.
307 1251 346 1299 2,
375 1251 443 1292 21.
472 1252 516 1291 et
540 1249 572 1291 Ι.
602 1250 641 1299 6,
671 1249 728 1301 8.)
755 1251 799 1289 et
824 1247 1028 1290 coniunx
1052 1247 1100 1299 (Ι.
1131 1248 1167 1297 2,
1197 1247 1267 1288 41.
1297 1247 1341 1286 et
1364 1244 1398 1286 Ι.
1427 1246 1468 1295 6,
1495 1244 1580 1295 15.)
1600 1255 1727 1285 voca-

230 1329 327 1375 tur;
354 1326 452 1379 ipsa
479 1325 614 1367 etiam
640 1324 770 1366 Delia
797 1322 1001 1367 coniunx·
1032 1323 1080 1375 (I.
1122 1325 1160 1373 6,
1204 1323 1291 1374 33.)
1328 1312 1600 1363 nominatur.
1642 1316 1729 1361 Sed

230 1403 323 1445 haee
348 1403 534 1446 nomina
570 1415 664 1449 non
702 1414 879 1455 semper
917 1399 1170 1455 significant
1207 1397 1547 1441 matrimonium
1583 1395 1728 1450 legiti-

229 1494 365 1523 mum.
391 1479 575 1523 Ovidius
596 1480 644 1522 in
666 1477 776 1522 Arte
797 1477 1043 1529 amatoria,
1065 1480 1116 1519 ut
1136 1477 1231 1532 ipse
1255 1475 1499 1530 saepissime
1522 1473 1726 1523 affirmat,

229 1571 406 1612 semper
431 1556 484 1599 de
509 1556 816 1599 meretricibus
842 1555 1053 1610 loquitur,
1079 1557 1233 1597 tamen
1258 1554 1381 1596 viros
1407 1551 1606 1606 appellat
1638 1564 1726 1600 eos,

230 1635 305 1689 qui
344 1634 457 1676 tales
493 1633 668 1687 puellas
714 1634 761 1674 in
803 1633 935 1674 domo
974 1645 1055 1674 sua
1095 1629 1309 1681 habent;¹
1351 1630 1486 1671 etiam
1527 1628 1731 1672 coniunx

232 1724 347 1764 saepe
374 1708 594 1763 significat
621 1711 875 1751 amatorem
912 1711 989 1749 aut
1026 1707 1240 1758 amicam,
1279 1710 1329 1748 ut
1367 1719 1503 1760 supra
1540 1706 1587 1746 in
1627 1704 1726 1746 adn.

232 1800 350 1841 exeg.
380 1786 435 1828 ad
459 1786 492 1828 Ι.
523 1787 561 1836 2,
590 1786 661 1828 41.
689 1784 934 1832 docuimus.
962 1785 1073 1826 Tum
1098 1787 1275 1827 tantum
1313 1783 1457 1825 dicere
1495 1793 1730 1836 possemus

231 1864 482 1906 necessario
509 1863 562 1905 de
587 1862 876 1905 matrimonio
903 1862 1103 1916 legitimo
1131 1862 1213 1916 agi,
1244 1861 1279 1903 si
1305 1865 1451 1916 poeta,
1476 1863 1526 1903 ut
1547 1859 1730 1902 Ovidius

232 1941 348 1991 facit,
386 1939 460 1982 ubi
487 1939 826 1982 matrimonium
853 1938 1020 1980 iustum
1054 1938 1195 1980 amori
1234 1938 1468 1992 illegitimo
1509 1932 1731 1991 opponit?

232 2018 286 2060 de
311 2016 480 2060 marito
508 2019 553 2059 et
576 2017 723 2072 nupta
747 2015 1016 2069 loqueretur.

291 2095 356 2137 Ex
381 2108 432 2137 eo
460 2097 589 2145 certe,
619 2093 736 2149 quod
761 2094 956 2135 coniunx
981 2093 1057 2135 ille
1089 2093 1138 2135 in
1174 2093 1207 2135 Ι.
1249 2094 1287 2135 2.
1329 2095 1373 2135 et
1411 2094 1451 2134 6.
1490 2091 1665 2133 Deliam
1704 2102 1731 2131 a

233 2172 373 2214 servis
398 2171 612 2214 custodiri
638 2171 772 2220 iubet,
800 2170 1040 2213 verisimile
1066 2169 1116 2212 fit
1142 2183 1233 2212 non
1260 2171 1329 2224 agi
1356 2169 1410 2211 de
1442 2167 1730 2211 matrimonio

232 2250 364 2300 iusto,
393 2263 498 2291 nam
525 2248 716 2291 Romani
743 2248 954 2290 uxoribus
981 2248 1194 2302 legitimis
1220 2252 1312 2290 tam
1339 2248 1557 2290 humilem
1585 2248 1732 2287 eusto-

232 2326 353 2369 diam
374 2325 605 2379 imponere
622 2338 714 2367 non
732 2323 970 2367 solebant.⁸
982 2324 1194 2374 Pholoen,
1213 2324 1491 2367 meretricem
1509 2337 1560 2365 ex
1578 2322 1734 2376 elegiis

232 2402 438 2445 Marathe
466 2403 648 2445 sacratis
673 2405 842 2453 notam,
869 2405 992 2445 tenet
1017 2403 1064 2444 in
1103 2403 1181 2444 tali
1220 2401 1420 2444 custodia
1460 2406 1642 2450 amator,
1685 2399 1733 2440 in

295 2602 308 2623 ¹
335 2601 391 2637 Os.
417 2602 486 2637 Ov.
511 2603 556 2637 A.
581 2602 627 2638 A.
652 2602 727 2638 111.
753 2602 955 2637 579—658.

294 2660 310 2683 ¹
334 2662 378 2697 A.
404 2661 448 2696 A.
474 2661 549 2696 111.
574 2662 775 2698 611—614.

295 2722 310 2744 ⁸
336 2722 406 2759 Ov.
430 2723 516 2757 Am.
542 2721 617 2756 111.
641 2722 675 2763 4,
702 2721 856 2757 33—34.
