1942 3132
774 190 831 220 u>
850 190 899 220 11.
923 188 955 227 ι,
983 182 1126 218 5—10.
1640 174 1703 210 ¹97

208 312 397 364 peracta,
425 309 493 352 Da
518 308 728 364 requiem,
746 302 910 350 terram
937 306 1011 362 qui
1028 307 1217 358 coluere,
1237 308 1385 349 viris».
1406 332 1463 367 ᾗ
1482 320 1703 363 suspenso

206 397 398 438 vomere,
426 389 634 435 aratrum,
662 383 780 440 quod
806 386 900 426 erat
923 383 1188 438 plerumque
1215 383 1311 426 sine
1329 384 1450 433 rotis,
1470 385 1572 438 palo
1597 397 1703 439 quo·

208 463 311 505 dam
339 462 706 518 suspendebatur,
743 465 794 504 ut
819 461 946 504 docet
985 460 1060 504 Ov.
1100 460 1219 503 Fast.
1247 461 1280 503 Ι.
1312 460 1427 503 665:
1472 460 1704 504 «Rusticus

210 541 447 584 emeritum
472 541 577 596 palo
595 540 839 594 suspendat
857 542 1093 582 aratrum».
1123 563 1180 568 —-
1207 537 1377 583 Solvite
1402 538 1554 581 vincla
1569 538 1701 596 iugis,

210 617 333 660 feriis
360 630 484 660 arare
511 616 690 672 quidem
715 630 807 658 non
834 615 1007 665 licebat,
1037 614 1113 658 sed
1139 615 1302 658 licebat
1325 613 1463 657 alium
1491 615 1546 657 ob
1567 614 1702 657 finem

208 693 341 738 boves
379 695 573 749 iungere,
608 696 658 736 ut
694 693 823 736 docet
859 692 952 736 Cat.
991 693 1057 736 De
1095 706 1184 747 agr.
1230 693 1339 735 138:
1384 692 1550 735 «Boves
1583 687 1705 734 feriis

163 818 165 820 ,
207 771 479 825 coniungere
503 770 619 812 licet.
647 770 753 812 Haec
778 770 884 812 licet
909 771 1078 813 facere:
1119 769 1336 812 arvehant
1360 769 1495 824 ligna,
1524 770 1701 817 fabalia,

209 848 522 890 frumentum».
551 847 678 890 Nunc
714 848 862 902 igitur,
903 850 1142 902 antequam
1179 860 1251 889 res
1278 847 1429 890 divina
1453 850 1702 902 peragatur,

209 923 350 966 bobus
375 924 479 978 iuga
510 923 761 966 demuntur.
790 949 848 954 ——
873 923 1025 968 vincla
1050 923 1188 981 iuyis,
1216 924 1356 966 bobus
1394 924 1502 974 lora,
1544 924 1704 979 quibus

208 1000 266 1042 ad
291 999 443 1055 iugum
470 1000 736 1054 alligantur3
764 1002 816 1043 cf.
845 1001 971 1055 Verg.
1011 1000 1102 1043 Ecl.
1131 1001 1172 1049 4,
1200 1001 1254 1042 41
1278 1015 1288 1042 :
1322 1000 1572 1043 «Robustus
1598 1014 1703 1056 quo-

206 1091 292 1132 que
330 1076 420 1119 iam
457 1078 597 1120 tauris
634 1078 740 1132 iuga
778 1078 918 1121 solvet
957 1081 1128 1121 arator»
1177 1081 1220 1120 et
1258 1078 1581 1133 Pseudo-Verg.
1617 1078 1700 1122 Gir.

210 1156 321 1198 123:
353 1154 468 1198 «Sub
495 1157 598 1210 iuga
628 1159 838 1212 parentes
863 1157 981 1211 cogit
1018 1157 1164 1200 lorata
1202 1157 1453 1199 iuvencos».
1482 1181 1542 1186 —
1565 1149 1703 1212 i'uyis,

206 1231 442 1282 ablativus,
469 1236 520 1275 ut
551 1235 669 1276 infra
692 1248 756 1277 vs.
797 1236 880 1278 29:
923 1234 1107 1278 «solvite
1143 1235 1292 1278 vincla
1329 1234 1462 1277 cado»
1507 1236 1551 1276 et
1575 1234 1701 1288 Verg.

205 1311 314 1354 Aen.
341 1311 374 1354 Ι.
403 1313 517 1355 562:
549 1311 739 1355 «Solvite
765 1313 896 1356 corde
927 1316 1142 1356 metum».
1182 1312 1293 1367 Iuga
1320 1315 1471 1355 autem
1498 1312 1581 1354 hoc
1606 1312 1703 1354 loco

204 1387 462 1441 significant
491 1390 618 1444 paria
642 1390 777 1432 boum
803 1403 944 1433 unum
982 1391 1137 1445 iugum
1175 1391 1288 1433 ferre
1327 1389 1472 1438 solita,
1512 1391 1562 1431 ut
1587 1389 1704 1431 infra

203 1464 261 1506 II.
305 1466 343 1516 3,
385 1467 470 1508 44:
515 1466 745 1509 «Portatur
779 1467 940 1510 validis
980 1467 1105 1510 mille
1143 1467 1355 1510 columna
1379 1467 1522 1521 iugis»
1555 1470 1599 1509 et
1625 1466 1700 1510 Ov.

204 1539 324 1584 Fast.
352 1542 386 1585 L
415 1543 532 1586 564:
563 1543 669 1586 «Vix
694 1545 799 1598 iuga
823 1545 1070 1587 movissent
1097 1545 1292 1600 quinque
1317 1544 1387 1587 bis
1404 1544 1519 1587 illud
1544 1558 1700 1587 onus».

204 1643 262 1648 —
289 1620 559 1663 coronato..
582 1654 591 1663 .
618 1620 777 1677 capite,
794 1621 858 1681 cf.
887 1621 963 1665 Ov.
991 1621 1110 1664 Fast.
1139 1621 1172 1664 I.
1193 1623 1291 1665 663.
1312 1621 1366 1664 de
1382 1621 1703 1677 Paganalibus:

212 1694 362 1738 «State
378 1699 580 1740 coronat-i
594 1699 779 1753 plenum
796 1699 851 1741 ad
867 1691 1076 1754 praesepe,
1101 1700 1319 1742 iuvenci».
1338 1699 1553 1743 Similiter
1570 1700 1703 1742 ferias

209 1773 435 1832 habebant
462 1778 505 1816 et
531 1776 860 1819 coronabantur
891 1777 1005 1819 asini
1046 1777 1159 1819 festo
1184 1776 1354 1827 Vestae;
1381 1778 1433 1819 cf.
1473 1776 1601 1831 Ptop.
1630 1777 1700 1819 IV.

208 1843 249 1899 '1‚
291 1852 372 1893 21:
416 1851 575 1894 «Vesta
611 1855 835 1895 coronatis
872 1867 1043 1909 pauper
1078 1854 1298 1908 gaudebat
1335 1854 1510 1897 asellis»
1555 1858 1598 1896 et
1624 1854 1700 1898 Ov.

210 1926 330 1970 Fast.
358 1927 430 1970 VI.
461 1929 572 1971 311:
604 1929 738 1971 «Ecce
763 1931 986 1973 coronatis
1011 1931 1143 1985 panis
1178 1931 1398 1986 dependet
1424 1931 1617 1975 asellis».
1644 1957 1702 1963 --

214 2001 385 2047 Omnia
411 2004 505 2047 sint
531 2006 719 2061 operata
745 2005 842 2058 deo,
867 2010 1076 2049 neutrum
1103 2008 1297 2062 ponitur,
1322 2009 1426 2063 quia
1452 2009 1599 2063 agitur
1610 2023 1701 2052 non

209 2081 357 2123 solum
383 2081 437 2123 de
463 2081 734 2131 hominibus,
776 2084 852 2125 sed
892 2084 1027 2126 etiam
1065 2083 1119 2127 de
1158 2084 1325 2136 bestiis,
1363 2099 1459 2140 quae
1485 2100 1575 2128 una
1601 2100 1701 2129 cum

209 2158 468 2200 hominibus
501 2159 650 2201 feriari
677 2159 851 2203 debent.
878 2185 937 2190 ——
961 2161 1054 2205 sint
1079 2163 1269 2218 operata
1293 2161 1390 2214 deo,
1428 2177 1562 2206 sensu
1600 2164 1700 2206 reli-

207 2235 361 2289 gioso:
389 2235 497 2277 dent
522 2249 702 2290 operam
729 2237 792 2279 rei
824 2237 995 2288 divinae,
1035 2242 1085 2281 ut
1122 2239 1240 2282 infra
1275 2238 1331 2282 IL
1360 2242 1400 2290 5,
1429 2242 1511 2283 95:
1556 2241 1700 2284 «Tunc

214 2315 396 2367 operata
432 2312 515 2355 deo
552 2314 692 2368 pubes
729 2313 975 2358 discumbet
1008 2316 1056 2358 in
1094 2316 1286 2367 herba»;
1326 2319 1378 2359 cf.
1418 2317 1527 2361 Hor.
1557 2318 1697 2362 Carm.

207 2389 285 2432 m.
320 2391 385 2441 14,
413 2392 555 2435 5—6:
583 2391 749 2435 «Unico
765 2393 965 2447 gaudens
990 2394 1153 2436 mulier
1177 2395 1338 2437 marito
1364 2395 1553 2438 Prodeat
1570 2396 1700 2439 iustis

209 2472 392 2523 operata
418 2468 572 2510 divis».
591 2493 649 2498 —
665 2468 763 2523 deo,
779 2470 827 2512 in
843 2483 1005 2524 genere
1031 2471 1194 2513 dicitur
1218 2485 1299 2527 pro
1325 2473 1511 2515 numine
1529 2473 1700 2523 divino;

205 2545 259 2587 cf,
289 2545 390 2587 adn.
433 2559 567 2600 supra
605 2546 659 2588 ad
695 2546 728 2589 Ι.
772 2548 812 2597 5,
855 2547 936 2590 90:
985 2553 1224 2591 «renuente
1262 2549 1386 2592 deo».
1415 2575 1468 2580 —-
1499 2550 1615 2605 ulla,
1641 2565 1696 2594 sc.

211 2622 398 2672 ancilla:
425 2624 476 2664 cf.
506 2622 606 2665 adn.
635 2637 771 2677 supra
797 2623 851 2666 ad
876 2623 908 2667 L
938 2626 977 2675 8,
1018 2627 1101 2668 59:
1134 2627 1404 2682 «quamvis».
1434 2653 1490 2657 —
1515 2626 1698 2683 Lanifi-

204 2709 311 2742 cam
351 2699 510 2755 pensis
547 2700 816 2756 imposuisse
852 2714 1055 2754 manum,
1099 2707 1148 2745 ut
1188 2704 1266 2746 Ov.
1304 2704 1407 2746 Her.
1451 2707 1490 2751 9.
1531 2706 1598 2748 76.
1646 2706 1699 2747 de
