1942 3132
333 211 400 247 188
898 230 953 257 AD
976 231 1005 258 1.
1031 229 1062 268 7,
1087 229 1253 259 33—42.

328 343 457 388 misit
494 345 673 392 semina
710 348 855 400 terroe,
892 349 942 388 ut
978 347 1092 388 infra
1130 347 1185 388 Π.
1215 348 1253 397 6,
1283 349 1482 390 21—22:
1516 348 1648 403 «Spes
1687 351 1820 393 sulcis

329 421 469 462 credit
495 423 629 463 aratis
658 422 879 465 Semina».
1814 434 1815 438 ’

389 497 437 539 V.
470 499 655 540 33—36.
691 502 925 542 teneram.
957 535 963 541 .
996 535 1002 542 .
1034 501 1182 555 vitem,
1221 501 1291 542 cui
1330 502 1466 543 fulcro
1506 511 1616 556 opus
1655 505 1734 556 est,
1772 505 1823 544 ut

330 574 460 615 docet
486 575 571 617 Cio.
599 575 665 616 De
692 578 850 618 seneot.
880 579 961 619 592:
996 594 1010 615 «
1042 578 1145 618 vitis
1171 610 1180 618 .
1209 611 1218 618 .
1248 611 1256 618 .
1286 580 1446 619 natura
1483 579 1646 621 caduca
1673 581 1739 620 'est
1765 581 1818 628 et,

335 651 423 691 nisi
460 651 572 693 fulta
614 654 689 702 est,
733 653 872 693 fertur
909 653 963 694 ad
1001 657 1208 702 terram»;
1241 644 1294 695 cf.
1325 668 1458 708 supra
1483 656 1515 697 Ι.
1548 657 1583 704 1,
1607 656 1664 699 ⁷7:
1698 644 1820 709 «Ipse

328 741 474 769 seram
498 729 674 770 teneras
699 732 871 771 maturo
897 733 1096 784 tempore
1140 731 1294 772 vites».
1322 756 1380 759 ——-
1398 731 1524 786 palis
1563 731 1823 787 adiunyere,

331 803 639 857 alligationem
666 806 882 847 vocabant
921 808 1133 860 agricolae.
1173 832 1231 836 —
1271 807 1464 850 viridem
1498 807 1619 851 dura
1656 807 1822 851 caedere

328 880 448 936 falce
490 892 684 936 comam,
725 896 872 924 ramos
917 883 1193 925 luxuriantes
1240 887 1494 938 amputare:
1536 886 1587 927 cf.
1628 883 1714 927 Cio.
1755 885 1820 926 De

330 960 493 999 senect.
535 959 616 1000 52:
651 972 806 1012 «quam
844 960 916 1011 (sc.
944 960 1096 1011 vitem)
1135 963 1384 1014 serpentem
1421 962 1657 1016 multiplici
1693 963 1823 1017 lapsu

332 1036 376 1074 et
404 1035 588 1075 erratico
616 1036 729 1076 ferro
758 1038 992 1089 amputans
1028 1040 1200 1077 coercet
1227 1051 1296 1079 ars
1335 1039 1638 1091 agricolarum,
1666 1053 1722 1081 ne
1749 1039 1821 1081 sil-

329 1113 481 1152 vescat
508 1112 742 1152 sarmentis
771 1114 813 1152 et
838 1113 885 1152 in
913 1126 1068 1153 omnes
1095 1116 1242 1166 partes
1269 1114 1410 1156 nimia
1435 1114 1745 1157 diffundatur».
1762 1140 1822 1144 ——-

333 1187 467 1242 dura,
504 1187 684 1237 crudeli,
725 1190 774 1228 ut
810 1187 935 1240 Verg.
967 1187 1042 1230 Ge.
1082 1189 1137 1230 Π.
1181 1191 1426 1232 368--370,
1467 1190 1520 1232 de
1556 1192 1671 1234 vite:
1703 1194 1822 1233 «tum

329 1265 494 1318 stringe
536 1277 696 1311 eomas,
741 1266 835 1305 tum
868 1264 1071 1306 bracchia
1112 1265 1245 1307 tonde
1284 1292 1340 1294 ἡ
1378 1267 1490 1308 Ante
1533 1269 1823 1310 reformidant
1882 1264 1886 1267 ⁴

330 1342 496 1383 ferrum
521 1368 578 1370 —-
605 1345 700 1383 tum
726 1343 916 1396 denique
945 1343 1066 1386 dura
1090 1344 1251 1386 Exeroe
1270 1346 1456 1398 imperia
1474 1349 1517 1387 et
1531 1360 1678 1388 ramos
1704 1360 1820 1388 eom—

328 1433 459 1473 pesce
484 1419 715 1461 fluentes».
743 1445 797 1447 -j
826 1418 904 1462 Illi
929 1420 1151 1463 iucundos
1184 1421 1392 1476 primum
1416 1425 1602 1465 matura
1633 1434 1819 1478 sapores

331 1495 565 1550 Expressa
601 1495 794 1538 insuetis
831 1500 926 1539 uva
959 1495 1082 1539 dedit
1111 1496 1323 1552 pedibus,
1359 1500 1409 1539 ut
1444 1499 1562 1540 infra
1586 1499 1641 1540 II.
1675 1501 1708 1548 1,
1737 1500 1820 1541 45:

337 1572 503 1612 «Aurea
528 1574 624 1612 tum
649 1584 826 1625 pressos
853 1571 1038 1625 pedibus
1065 1572 1185 1614 dedit
1210 1587 1296 1614 uva
1323 1574 1558 1627 liquores».
1577 1599 1635 1602 ——
1651 1574 1818 1616 iucun—
1878 1572 1881 1574 ’

328 1647 412 1690 dos
439 1682 446 1689 .
477 1682 485 1689 .
517 1682 524 1689 .
554 1659 757 1702 sapores,
782 1649 886 1689 vina
912 1662 1066 1702 sapore
1093 1649 1297 1691 iucundo.
1318 1650 1582 1693 —insuetis
1602 1685 1609 1691 .
1630 1685 1638 1692 .
1660 1685 1667 1692 .
1682 1649 1818 1705 pedi·-

332 1724 431 1779 bus,
468 1724 570 1766 huic
608 1724 752 1765 labori
790 1738 882 1766 non
921 1725 1141 1776 adsuetis;
1181 1726 1233 1767 cf.
1276 1739 1409 1779 supra
1444 1726 1476 1767 Ι.
1516 1727 1556 1775 4,
1596 1728 1679 1768 48:
1712 1726 1823 1767 «Aut

328 1815 464 1854 opera
490 1802 687 1842 insuetas
715 1802 946 1842 atteruisse
985 1815 1186 1843 manus».
1215 1801 1424 1857 bisaeus,
1452 1817 1502 1844 ex
1526 1817 1626 1844 mea
1651 1804 1820 1845 coniec-

331 1881 454 1927 tura3
483 1879 533 1919 ef.
564 1878 662 1919 adn.
692 1879 784 1919 crit.
814 1879 930 1919 infra
957 1879 1011 1919 ad
1038 1879 1079 1920 h.
1108 1879 1135 1920 1.

388 1955 437 1997 V.
468 1956 653 1996 372—42.
696 1953 775 1997 Ille
820 1955 984 2010 liquor,
1026 1968 1081 1996 sc.
1126 1956 1293 1997 vinum.
1321 1981 1378 1984 —
1416 1968 1543 1998 voces
1585 1956 1822 2011 inflectere,

327 2032 561 2082 modulari,
610 2045 847 2073 numerose
893 2035 1076 2082 mutare,
1124 2035 1173 2073 ut
1219 2033 1344 2073 Lucr.
1372 2032 1420 2074 V.
1460 2034 1596 2074 1406:
1629 2032 1820 2074 «Ducere

327 2108 604 2150 multimodis
630 2122 759 2150 voees
787 2111 830 2149 et
861 2108 1036 2149 flectere
1075 2112 1254 2150 cantus»
1289 2111 1332 2150 et
1358 2108 1433 2150 Ov.
1463 2109 1557 2150 Am.
1586 2109 1640 2150 II.
1668 2110 1710 2159 4,
1738 2110 1819 2150 25:

337 2185 486 2226 «dulce
533 2185 650 2226 canit
697 2185 917 2238 flectitque
965 2186 1176 2226 facillima
1220 2199 1415 2227 vocem».
1464 2211 1521 2213 v—
1567 2185 1705 2227 movit
1730 2219 1738 2227 .
1769 2219 1776 2227 .
1808 2219 1815 2226 .

328 2262 551 2315 membra,
577 2262 806 2315 proprium
833 2262 1015 2302 verbum
1043 2261 1095 2302 de
1123 2263 1372 2309 saltatione,
1400 2265 1450 2303 ut
1475 2262 1581 2303 Hor.
1612 2260 1756 2303 Saul.
1776 2263 1815 2310 9,

331 2339 533 2379 agl—25:
567 2338 687 2390 «quis
715 2338 914 2379 membra
944 2352 1123 2379 movere
1150 2337 1331 2379 Mollius
1345 2341 1387 2379 P»
1418 2363 1475 2366 —-
1502 2336 1562 2380 ad
1588 2341 1785 2380 certos..
1807 2371 1815 2378 .

334 2413 510 2467 modos,
536 2413 778 2466 rhythmos,
807 2417 856 2454 ut
883 2426 1016 2467 supra
1041 2414 1073 2455 I.
1101 2416 1141 2464 4,
1172 2415 1253 2456 70:
1286 2415 1364 2455 «Et
1390 2416 1507 2456 secet
1531 2413 1584 2455 ad
1605 2414 1818 2467 Phrygios

331 2491 436 2532 vilia
460 2490 658 2532 membra
695 2491 874 2532 modos»
909 2494 950 2532 et
988 2492 1105 2532 infra
1130 2492 1184 2533 H.
1218 2493 1254 2542 1,
1287 2493 1369 2533 592:
1402 2492 1542 2531 «certo
1580 2489 1732 2543 pede».
1759 2515 1818 2518 —

329 2567 482 2610 nescia
505 2566 726 2621 membra,
751 2568 904 2619 ignara
931 2568 1193 2609 saltationis.
1212 2591 1257 2595 —
1285 2565 1512 2621 Bacchus,
1538 2566 1608 2606 hic
1635 2567 1678 2607 et
1702 2566 1819 2608 infra

328 2657 393 2686 vs.
420 2645 490 2686 41.
519 2657 611 2684 non
636 2643 756 2692 deus,
788 2644 863 2685 sed
889 2645 1055 2685 vinum.
1083 2669 1141 2672 -—
1170 2644 1337 2687 laetztice
1363 2641 1658 2686 dissoluenda
1684 2641 1819 2697 dedit,

329 2720 495 2762 laetitiae
520 2719 713 2770 tradidit,
740 2723 789 2761 ut
815 2720 1163 2762 dissolverentur
1177 2735 1187 2770 3
1227 2720 1433 2762 similiter
1463 2719 1646 2760 dicitur:
1685 2719 1817 2760 alicui
