1942 3132
790 236 848 266 u»
866 236 899 266 1.
922 234 968 273 5,.
981 233 1101 265 5—8.
1638 219 1709 256 143

194 357 253 400 ἑνὶ
277 356 440 413 τριόδῳ.
467 380 527 384 -
550 366 680 412 aqor,
719 355 770 397 ut
795 386 807 396 .
834 386 846 396 .
873 385 885 396 .
915 351 1093 399 turben.
1135 351 1315 394 animus
1343 365 1495 394 amore
1522 354 1708 394 vexatus

192 432 511 486 eimnmagitur
546 433 777 486 tamquam
814 428 1008 479 turbine,
1035 431 1086 470 ut
1110 428 1241 471 Bion.
1268 429 1415 470 4—5:
1440 426 1491 484 ἢν
1531 429 1576 470 δὲ
1616 431 1708 471 νόον

193 525 254 558 τις
291 508 448 566 Ἔρωτι
486 508 730 566 δονεύμενος
772 504 851 549 ἁδὺ
890 505 1068 562 μελίσδῃ
1107 507 1152 548 et
1189 503 1267 547 OV.
1308 505 1405 547 Am.
1445 505 1502 547 Π.
1543 507 1583 554 9,
1626 506 1709 548 28:

200 587 384 630 «Nescio
410 599 498 641 quo
524 586 699 628 miserae
723 582 902 627 turbine
939 582 1107 625 mentis
1146 595 1296 636 agor».
1323 607 1383 611 —-—
1407 581 1602 633 verbere,
1631 581 1710 624 fla-

194 665 326 721 gello.
353 690 412 695 ——
439 663 614 712 turben,
653 660 800 711 turbo,
839 659 984 702 rarior
1021 660 1192 708 forma;
1230 658 1284 700 ef.
1324 658 1444 700 infra
1484 659 1585 701 adn.
1614 659 1709 701 orit.

197 741 254 784 ad
279 742 323 784 h.
350 743 380 784 l.
407 766 467 770 ——
493 739 553 783 ab
579 739 688 788 arte,
715 737 770 779 ef.
812 736 913 778 adn.
957 748 1093 790 supra
1118 735 1176 777 ad
1201 735 1235 777 L
1264 737 1304 785 9,
1335 736 1420 778 66:
1453 735 1591 779 «Cum
1630 736 1712 778 tibi

197 830 292 860 non
319 817 454 859 solit-a
479 828 642 870 corpus
667 813 722 856 ab
748 815 843 856 arte
870 815 1063 855 movet».

256 893 307 935 V.
336 893 467 935 5--8.
516 889 605 934 Ure
640 890 806 947 serum,
844 889 1020 931 Deliam
1061 889 1321 943 alloquitur.
1348 915 1408 918 —
1442 887 1530 934 Ure
1555 923 1565 932 .
1594 922 1605 932 .
1633 923 1643 932 .
1673 891 1714 932 et

199 971 370 1026 torque,
411 968 573 1011 alludit
619 968 675 1010 ad
712 980 872 1022 poenas
911 967 1124 1016 serviles;
1151 967 1204 1008 of.
1235 966 1336 1009 adn.
1365 980 1502 1021 supra
1529 967 1584 1009 ad
1609 967 1643 1010 I.
1672 969 1712 1016 9,

202 1049 406 1091 21—22:
437 1046 551 1090 «Ure
590 1058 741 1087 meum
780 1045 935 1098 potius
976 1043 1162 1085 flamma
1199 1046 1334 1099 eaput
1376 1047 1421 1086 et
1457 1047 1559 1098 pete
1598 1045 1715 1086 ferro

202 1124 416 1179 Corpus».
435 1149 494 1153 —
519 1123 684 1179 serum,
713 1123 920 1171 ferocem,
948 1122 1025 1176 qui
1053 1122 1198 1163 amori
1225 1135 1272 1163 se
1298 1121 1458 1163 dedere
1485 1134 1580 1163 non
1603 1122 1714 1171 vult,

200 1204 251 1244 ut
276 1201 394 1243 infra
419 1201 475 1243 H.
505 1202 544 1250 6,
574 1202 614 1242 5.
642 1199 700 1242 ad
722 1199 965 1242 Amorem:
998 1198 1124 1244 «Ure.
1153 1212 1278 1253 puer,
1319 1211 1482 1252 quaeso,
1523 1201 1602 1240 tua
1640 1199 1716 1253 qui

200 1279 322 1321 ferus
349 1278 442 1321 otia
467 1277 642 1332 liquit».
669 1302 728 1306 —
756 1279 932 1332 torque,
961 1277 1176 1328 intellege
1203 1279 1431 1318 tormenta
1469 1290 1714 1326 servorum,

202 1356 278 1410 qui
294 1355 431 1397 variis
449 1355 763 1397 instrumentis
781 1354 1123 1402 eruciabantur3
1143 1351 1296 1395 Graeoe
1323 1353 1644 1408 στρεβλοῦσθαι.
1658 1379 1719 1384 —

203 1430 514 1488 Maynificum,
543 1431 678 1473 verba
692 1431 910 1485 superba;
939 1431 992 1472 cf.
1021 1430 1140 1471 infra
1165 1429 1222 1471 H.
1242 1430 1282 1477 6,
1308 1431 1507 1472 11—-122
1529 1429 1720 1485 «Magna

203 1509 375 1563 loquor.
405 1508 483 1550 sed
509 1506 745 1562 magnifiee
771 1507 886 1549 mihi
912 1513 1078 1560 magna
1103 1507 1254 1548 locuto
1286 1505 1532 1548 Excutiunt
1557 1508 1719 1549 olausae

205 1587 340 1629 fortia
370 1585 505 1628 verba
538 1586 699 1627 fores».
728 1609 787 1613 —·
815 1583 1009 1628 horrida
1046 1583 1199 1634 verba,
1239 1584 1418 1632 ferocia,
1461 1597 1632 1638 aspera.
1661 1610 1718 1613 —

205 1659 348 1704 Parce
374 1665 542 1711 tamen,
578 1673 665 1716 per
690 1650 731 1703 te
767 1659 931 1717 furtivi
967 1658 1144 1717 foedera
1169 1659 1283 1710 lecti,
1309 1674 1491 1702 versum
1517 1661 1722 1704 imitatur

206 1737 284 1781 Ov.
311 1739 409 1780 Am.
435 1736 514 1780 HL
549 1739 616 1789 11,
652 1739 738 1780 45:
772 1738 930 1780 «Parce
967 1751 1049 1792 per
1074 1750 1100 1779 o
1126 1738 1231 1779 lecti
1269 1738 1454 1780 socialia
1491 1739 1632 1781 iura».
1660 1764 1719 1768 —-

202 1827 290 1871 per
314 1817 356 1858 te
381 1814 542 1871 furtivi
566 1814 742 1871 foedera
769 1815 882 1863 lecti,
911 1828 992 1869 per
1027 1815 1194 1857 foedera
1233 1815 1387 1856 furtivi
1413 1815 1517 1856 leoti
1543 1818 1587 1856 te
1615 1828 1719 1864 oro;

206 1894 255 1935 in
281 1893 363 1935 tali
390 1893 688 1935 obtestatione
727 1893 963 1934 sollemnis
1000 1893 1074 1934 hic
1098 1893 1336 1934 verborum
1363 1892 1485 1942 ordo,
1513 1895 1564 1934 ut
1601 1893 1721 1936 infra

207 1969 279 2012 IV.
308 1971 348 2019 5,
379 1971 431 2012 7:
464 1982 568 2023 «per
591 1971 637 2010 te
662 2001 673 2010 .
701 2001 712 2010 .
740 2001 751 2010 .
779 1967 1041 2011 dulcissima
1066 1969 1186 2010 furta
1210 2000 1221 2010 .
1250 2000 1262 2010 .
1290 2001 1300 2010 .
1329 1982 1480 2022 rogo».
1510 1972 1555 2011 et
1578 1969 1717 2024 Lygd.

213 2047 249 2094 1,
295 2046 496 2088 15—16:
528 2045 635 2087 «Per
659 2058 740 2087 vos
767 2076 779 2087 .
805 2078 816 2088 .
846 2079 856 2087 .
885 2059 964 2088 oro
1005 2045 1338 2101 Castaliamque
1378 2047 1584 2089 umbram
1623 2047 1720 2090 Pie-

207 2123 389 2177 riosque
426 2123 595 2171 laeuam
632 2123 686 2164 ef.
727 2123 863 2165 etiam
889 2122 1016 2178 Verg.
1055 2124 1164 2166 Aen.
1193 2123 1245 2166 X.
1274 2124 1389 2166 597:
1421 2137 1526 2178 «per
1562 2125 1639 2179 qui
1676 2128 1721 2167 te

208 2201 348 2244 talem
374 2213 567 2255 genuere
609 2201 861 2254 parentes».
890 2225 949 2229 —
974 2199 1159 2256 foedera
1190 2201 1302 2252 lecti,
1332 2201 1495 2244 dieitur
1522 2216 1640 2258 saepe
1665 2203 1720 2246 de

209 2278 514 2327 matrimonio,
557 2281 606 2319 ut
648 2277 725 2320 Ov.
768 2277 876 2320 Met.
919 2278 1016 2322 VII.
1058 2280 1172 2322 852:
1221 2293 1326 2334 «per
1363 2281 1508 2323 nostri
1555 2281 1722 2324 foedera

209 2355 356 2405 lecti»,
384 2355 488 2398 Her.
519 2357 559 2403 5,
594 2356 672 2397 101
693 2371 703 2398 :
727 2354 928 2398 «Atrides
954 2356 1162 2398 temerati
1188 2356 1357 2400 foedera
1379 2358 1485 2400 lecti
1502 2357 1719 2409 Clamat»,

210 2431 317 2477 Met.
345 2431 441 2475 VII.
472 2433 584 2475 710:
617 2431 878 2487 «Primaque
903 2432 1068 2475 deserti
1094 2434 1342 2476 referebam
1370 2434 1535 2477 foedera
1573 2436 1722 2486 leeti·;

212 2509 296 2555 hoe
333 2510 433 2552 loeo
473 2509 763 2552 concubitum
801 2508 1035 2563 signifieat,
1078 2513 1130 2553 ut
1166 2510 1286 2553 infra
1310 2511 1383 2553 IV.
1418 2513 1485 2561 13,
1514 2514 1567 2555 2:
1600 2513 1723 2555 «Hoc

211 2588 410 2641 primum
450 2588 601 2629 iuncta
640 2592 711 2630 est
746 2587 909 2631 foedere
946 2593 1102 2632 nostra
1125 2590 1303 2632 Venus»
1335 2593 1379 2632 et
1404 2590 1481 2633 Ov.
1511 2593 1558 2634 A.
1588 2592 1635 2633 A.
1665 2593 1719 2634 II.

213 2666 327 2708 46⁶2:
360 2665 648 2707 «concubitus
687 2665 878 2708 foedera»
922 2670 968 2709 et
1005 2666 1111 2710 Met.
1150 2668 1229 2710 ΠΙ.
1260 2669 1374 2710 2943
1406 2668 1617 2710 «Veneris
1645 2671 1722 2711 foe-

214 2740 341 2786 dua».
356 2742 825 2801 —compositumque
849 2746 1000 2800 caput,
1025 2758 1082 2787 se.
1099 2745 1150 2787 in
1176 2746 1319 2795 leeto;
1345 2745 1495 2788 locum
1521 2746 1725 2787 imitatur
