1942 3132
751 241 825 271 -An
848 240 899 270 11.
920 238 955 277 6,
982 237 1122 269 1—10.
1626 223 1692 258 251

198 362 368 411 volunt,
397 360 451 403 de
482 359 671 402 Aemilio
709 357 873 407 Macro,
911 358 1045 411 poeta
1070 354 1266 409 Vergilio
1305 355 1477 409 aequali,
1520 357 1696 397 auctore

200 439 449 481 carminum
474 435 791 478 didacticorum
817 432 1189 482 doctissimorum,
1216 432 1515 486 cogitandum,
1544 433 1619 487 qui
1645 445 1697 475 eo

200 518 414 570 tempore,
466 525 553 568 quo
602 510 804 554 Tibullus
851 510 967 552 hanc
1018 510 1209 564 elegiam
1260 509 1448 563 scripsit,
1503 510 1587 551 fuit
1631 509 1699 551 vir

201 591 527 647 quinquaginta
565 589 655 631 fere
697 600 919 630 annorum
952 589 996 629 et
1033 600 1059 628 a
1094 587 1222 641 poesi
1262 586 1480 629 amatoria
1526 600 1701 640 semper

201 667 518 712 alienissimus.

259 745 310 788 V.
342 745 467 787 1—4.
496 741 664 786 Castra
690 776 698 784 .
729 775 737 784 .
769 775 778 784 .
806 741 1029 798 sequitur,
1066 741 1257 791 militat3
1296 741 1349 783 cf.
1391 739 1469 782 Ov.
1495 740 1593 782 Am.
1618 739 1697 781 ΙΠ.

166 836 168 838 ’
201 827 241 870 8.
270 825 352 867 27:
385 821 604 876 «trepidas
643 820 760 863 acies
800 822 843 861 et
880 819 976 861 fera
1012 820 1157 861 castra
1197 818 1346 872 sequi»
1378 821 1422 860 et
1452 817 1620 860 Lucan.
1646 816 1698 858 X.

201 903 314 945 407:
348 900 505 942 «Nulla
529 898 637 940 fides
662 897 892 952 pietasque
918 896 1038 945 viris,
1058 896 1131 951 qui
1155 897 1300 939 castra
1325 896 1615 948 sequuntur».
1644 917 1701 922 —

201 982 351 1022 tenero
390 975 501 1033 quid
537 975 613 1032 fiet
650 973 828 1028 Amori,
852 976 928 1016 ut:
961 974 1091 1029 «quid
1128 974 1241 1016 mihi
1267 972 1366 1015 fiet»
1398 972 1539 1014 Plaut.
1567 970 1699 1013 Most.

199 1057 278 1099 ΠΙ.
306 1057 345 1106 2,
375 1056 445 1098 89.
474 1056 519 1096 et
543 1052 622 1095 Ov.
647 1054 697 1095 A.
724 1054 774 1095 A.
800 1052 834 1095 L
858 1054 959 1095 536.
977 1077 1035 1081 —
1051 1052 1167 1095 collo
1193 1051 1374 1105 fortiter
1398 1062 1536 1092 arma
1558 1051 1700 1105 ἔμεναι,

200 1146 325 1175 arma
364 1131 522 1174 militis
563 1130 755 1172 Romani
795 1130 971 1184 gravia;
1012 1130 1065 1171 cf.
1110 1128 1251 1170 Plaut.
1292 1128 1412 1169 Trin.
1439 1127 1701 1169 594—595:

205 1213 378 1252 «aetum
406 1212 473 1250 est
498 1207 551 1250 de
576 1207 692 1250 collo
718 1219 846 1248 meo:
865 1205 1118 1248 Gestandus
1135 1219 1318 1260 peregre
1345 1205 1542 1258 clupeus,
1561 1203 1698 1258 galea,

200 1286 415 1330 sarcina».
443 1311 502 1316 —
526 1298 644 1342 vaqa
670 1319 678 1327 .
709 1317 720 1327 .
747 1318 758 1327 .
787 1295 993 1339 aequora,
1017 1285 1201 1338 propter
1225 1285 1399 1324 motum
1435 1283 1702 1336 perpetuum

199 1364 427 1414 fluctuum,
467 1365 519 1404 ut
557 1362 677 1404 infra
716 1361 776 1403 H.
815 1362 854 1411 3,
896 1362 978 1404 39:
1011 1374 1146 1415 «vago
1174 1393 1184 1402 .
1212 1393 1222 1402 .
1251 1393 1261 1402 .
1283 1362 1470 1414 ponto»;
1511 1359 1567 1400 cf.
1592 1358 1701 1399 Hor.

198 1441 339 1497 Epod.
388 1443 452 1491 16,
495 1442 577 1483 41:
617 1440 731 1482 «Nos
771 1441 924 1481 manet
965 1437 1169 1480 Oceanus
1210 1439 1377 1480 circum
1416 1450 1557 1491 vagus
1597 1449 1704 1478 arva

198 1520 352 1562 beata»
384 1521 429 1561 et
466 1518 575 1562 Stat.
603 1515 710 1560 Silv.
735 1515 815 1558 III.
843 1517 882 1566 2,
913 1517 995 1558 78:
1027 1528 1186 1569 «vagas
1223 1515 1333 1557 ratis
1371 1515 1469 1556 acta
1505 1527 1585 1568 per
1620 1526 1702 1554 un-

199 1584 322 1639 das».
349 1621 406 1625 -α
432 1608 535 1638 cum
562 1595 662 1638 telis
689 1593 751 1638 ad
790 1593 911 1637 latus
944 1592 1013 1636 ire
1048 1592 1182 1646 volet,
1207 1592 1454 1634 commilito
1487 1593 1532 1633 et
1557 1590 1703 1633 socius

200 1673 512 1728 inseparabilis
542 1671 696 1715 Macri.

261 1748 312 1791 V.
339 1750 500 1792 57-10.
534 1746 635 1799 Ure,
674 1762 731 1790 sc.
772 1748 943 1790 facibus
984 1747 1087 1797 tuis,
1130 1748 1182 1788 ut
1223 1759 1357 1800 supra
1389 1745 1462 1787 IV.
1491 1746 1530 1794 2,
1558 1745 1701 1787 5—6:

208 1826 359 1869 ulllius
385 1840 437 1868 ex
462 1826 615 1876 oculis,
643 1839 745 1867 cum
769 1825 866 1866 vult
892 1836 1071 1866 exurere
1097 1823 1236 1872 divos,
1263 1822 1477 1864 Accendit
1501 1821 1702 1876 geminas

201 1902 432 1958 lampadas
469 1916 570 1945 acer
604 1903 782 1945 Amor».
809 1926 868 1930 ——
888 1914 1020 1956 puer,
1055 1901 1204 1943 Amor.
1231 1925 1290 1929 —
1326 1899 1470 1957 ferus,
1506 1900 1562 1940 cf.
1600 1897 1699 1941 adn.

203 1994 338 2036 supra
364 1980 418 2023 ad
443 1980 476 2022 L
505 1983 546 2033 5,
574 1982 627 2023 5:
660 1981 872 2022 «ferum».
898 2003 958 2008 ——
983 1979 1095 2033 otia,
1119 1991 1239 2027 nam,
1267 1979 1318 2019 ut
1342 1977 1472 2031 Prop.
1501 1975 1581 2018 ΠΙ.
1600 1978 1640 2025 5,
1664 1977 1699 2018 1.

202 2058 332 2100 dicit:
365 2058 515 2099 «Pacis
539 2057 676 2099 Amor
700 2056 808 2098 deus
825 2058 904 2108 est,
921 2069 1079 2111 pacem
1094 2068 1359 2097 veneramur
1383 2056 1627 2096 amantes».
1643 2078 1701 2082 -

201 2147 425 2188 erronem,
449 2135 625 2189 proprie
653 2147 805 2176 servus
831 2133 990 2182 malus,
1017 2133 1093 2188 qui
1120 2133 1375 2187 frequenter
1401 2131 1525 2174 abest
1540 2130 1673 2173 domo
1688 2145 1699 2181 ;

199 2215 253 2255 cf.
281 2212 464 2267 Ulpiani
498 2210 803 2253 definitionem
840 2209 1007 2265 Digest.
1046 2209 1162 2252 XXL
1208 2211 1244 2259 1,
1289 2210 1354 2258 17,
1387 2209 1466 2251 14:
1499 2208 1700 2263 «proprie

202 2285 406 2330 erronem
432 2286 495 2329 sic
520 2285 784 2329 definimus:
812 2286 887 2341 qui
913 2285 1094 2340 quidem
1118 2299 1213 2328 non
1237 2285 1363 2340 fugit,
1392 2285 1469 2327 sed
1493 2286 1698 2339 frequen-

201 2370 268 2408 ter
309 2365 406 2407 sine
446 2377 581 2406 causa
611 2367 799 2419 vagatur
839 2367 884 2407 et
923 2364 1200 2418 temporibus
1240 2364 1289 2405 in
1330 2377 1401 2405 res
1442 2364 1700 2417 nugatorias

201 2443 479 2497 consumptis
504 2442 650 2484 serius
675 2441 859 2484 domum
897 2440 1051 2483 redit».
1079 2440 1177 2482 Hoc
1202 2441 1301 2482 loco
1341 2452 1442 2483 erro
1482 2439 1701 2494 significat

200 2520 469 2563 desertorem
520 2522 765 2561 castrorum
807 2518 998 2567 Amoris,
1046 2521 1096 2560 ut
1141 2517 1275 2560 etiam
1321 2516 1474 2560 Claud.
1522 2515 1698 2559 Saturn.

199 2598 367 2653 Digest.
410 2596 607 2639 XLVIII.
654 2598 719 2647 19,
767 2597 832 2646 16,
861 2597 901 2638 5.
943 2595 1163 2652 suqitivos
1203 2596 1409 2638 nominat
1450 2595 1699 2637 desertores

200 2678 460 2726 castrorum,
492 2686 761 2728 quamquam
794 2673 975 2727 proprie
1001 2673 1129 2722 servi,
1158 2673 1233 2727 qui
1260 2673 1392 2715 domo
1416 2674 1697 2727 aufugerunt,

201 2752 487 2806 appellantur
528 2750 717 2805 fugitivi.
743 2774 802 2779 υ
826 2748 909 2792 sub
953 2751 1035 2794 lua
1074 2750 1226 2807 signa,
1267 2763 1385 2800 nam,
1420 2752 1471 2791 ut
1497 2748 1573 2791 Ov.
1601 2749 1695 2790 Am.
