1942 3132
786 210 845 241 u>
862 211 894 241 1.
916 209 952 250 ς,
976 209 1143 241 87—92.
1652 198 1719 235 1⁶⁷

218 331 282 379 17,
318 331 333 372 1
355 346 364 372 :
398 330 700 372 «advolvimur
724 330 857 378 πίε-ς
884 328 992 371 Stat.
1021 328 1127 371 Silv.
1147 329 1195 371 V.
1234 331 1264 380 1,
1290 331 1427 372 162⁷—
1444 331 1549 373 164:
1574 344 1718 374 «nunc

212 408 372 449 anxius
399 407 608 450 omnibus
639 408 728 450 aris
764 407 1011 449 Illacrimat
1049 407 1283 462 signatque
1315 409 1432 450 fores
1459 411 1502 450 et
1540 411 1718 462 pectore

212 486 353 537 terget
394 484 616 534 Limina»;
656 483 784 526 Lucr.
827 483 877 525 V.
929 484 1067 526 1202:
1101 483 1214 526 «Nec
1255 484 1547 539 procumbere
1591 486 1718 527 humi

211 564 484 614 prostratum
522 563 567 602 et
603 559 801 615 pandere
846 559 1022 614 palmas
1062 560 1177 602 Ante
1223 559 1407 602 delubra
1453 560 1630 602 deum».
1660 587 1665 588 ν
1690 587 1715 589 -

211 637 421 681 tellurem
459 637 655 694 genibus
683 649 942 693 perrepere,
968 640 1020 679 ut
1043 637 1136 679 Iuv.
1166 636 1255 679 Sat.
1285 637 1356 679 VI.
1385 639 1522 679 525—
1536 640 1634 680 5⁹26.
1664 638 1717 680 de

213 715 379 757 femina
407 714 746 769 superstitiosa:
780 714 964 756 «Totum
997 715 1114 768 regis
1142 728 1297 768 agrum
1336 714 1457 756 nuda
1483 729 1533 756 ac
1558 718 1718 757 treme-

210 791 362 833 bunda
401 792 597 834 cruentis
630 791 794 846 Erepet
832 792 1047 846 genibus»
1057 807 1067 841 ;
1111 792 1246 833 etiam
1279 791 1399 834 Cass.
1433 791 1519 834 Dio
1558 792 1716 834 XLIII.

211 870 279 918 21,
310 870 348 911 2.
376 870 722 911 commemorat:
759 870 853 917 τοὺς
892 867 1164 926 ἀναβασμοὺς
1198 870 1291 916 τοὺς
1319 868 1361 911 ἐν
1387 876 1443 925 τῷ
1471 868 1718 925 Καπιτωλίῳ

207 953 292 993 τοῖς
318 949 500 1000 γόνασιν.
525 970 583 974 -
609 945 820 988 tellurem
838 958 1097 1002 perrepere,
1123 960 1202 1000 per
1226 947 1434 989 teHurem
1473 960 1637 1002 repere,
1667 951 1718 989 ut

210 1022 361 1065 Senec.
389 1022 455 1065 De
478 1022 555 1064 vit.
583 1022 697 1065 beat.
728 1024 796 1073 27,
832 1025 878 1065 1:
911 1024 1124 1077 «genibus
1163 1038 1243 1079 per
1272 1024 1392 1066 viam
1431 1038 1628 1079 repere».
1658 1049 1717 1053 -—

208 1104 368 1145 sancto
395 1135 406 1144 .
433 1136 442 1144 .
473 1136 481 1144 .
503 1103 653 1158 poste,
679 1102 706 1144 i.
736 1115 770 1143 e.
800 1102 972 1156 templi.

268 1178 316 1221 V.
346 1180 534 1221 87—902.
562 1191 658 1222 non
693 1178 778 1221 uni
816 1177 984 1229 saeviet,
1010 1192 1105 1221 non
1131 1180 1179 1221 in
1205 1193 1276 1221 me
1315 1193 1483 1229 unum;
1525 1179 1715 1229 dativus,

207 1260 257 1298 ut
282 1255 358 1299 Ov.
387 1256 492 1299 Her.
520 1256 591 1298 IV.
628 1257 734 1299 148:
767 1256 875 1309 «Qui
902 1256 1014 1298 mihi
1042 1270 1164 1298 nunc
1189 1257 1326 1307 saevit,
1356 1257 1418 1299 sic
1444 1257 1525 1298 tibi
1562 1259 1718 1311 parcat

205 1334 383 1376 Amor».
412 1359 469 1363 —
496 1333 620 1384 deus,
649 1348 730 1389 pro
756 1334 851 1383 dea,
880 1335 1028 1389 agitur
1053 1336 1174 1377 enim
1199 1336 1255 1377 de
1282 1335 1465 1384 Venere,
1494 1338 1544 1377 ut
1582 1347 1718 1389 supra

205 1410 238 1452 L
268 1413 308 1460 8,
339 1412 391 1453 7:
424 1410 557 1453 «deus
583 1411 807 1453 crudelius
833 1412 946 1453 urit»
978 1412 1032 1453 de
1059 1411 1233 1454 Venere
1273 1415 1318 1454 et
1354 1413 1474 1454 infra
1498 1411 1531 1454 L
1561 1414 1600 1458 6.
1629 1414 1715 1454 43:

210 1486 309 1531 «Sic
339 1487 435 1531 fieri
474 1489 614 1531 iubet·
635 1489 732 1544 ipse
770 1489 904 1531 deus»
948 1489 1002 1531 de
1039 1489 1255 1540 Bellona;
1282 1491 1335 1532 cf.
1364 1490 1490 1544 Verg.
1520 1490 1628 1531 Aen.
1649 1489 1713 1532 Π.

206 1564 305 1609 632.
334 1565 388 1608 de
420 1566 619 1609 Venere:
653 1566 867 1609 «ducente
894 1567 1007 1609 deo»
1040 1570 1084 1609 et
1109 1567 1213 1609 ibid.
1243 1567 1337 1609 VIL
1367 1567 1467 1609 498.
1497 1566 1551 1608 de
1589 1567 1714 1608 Alec-

204 1646 336 1685 tone:
360 1643 473 1686 «Nec
498 1643 660 1685 dextrae
687 1644 855 1686 erranti
881 1643 991 1686 deus
1018 1644 1172 1686 afuit».
1194 1643 1316 1686 Deus
1342 1644 1481 1698 igitur
1505 1643 1577 1684 his
1602 1643 1716 1685 locis

204 1717 405 1760 divinum
431 1733 602 1762 numen
627 1720 725 1762 sine
751 1719 1008 1762 discrimine
1035 1734 1165 1762 sexus
1187 1720 1420 1775 significat.
1440 1746 1496 1749 —
1512 1719 1713 1770 lusisset,

206 1795 429 1845 irrisisset,
457 1796 692 1838 cavillatus
720 1800 849 1839 esset.
870 1822 928 1825 -w
954 1795 1141 1840 Veneris
1169 1796 1332 1839 vinclis
1359 1794 1554 1839 subdere
1580 1795 1716 1846 colla,

205 1876 254 1913 ut
286 1872 448 1926 captivi
487 1873 658 1915 catenis
696 1873 813 1916 colla
851 1873 1040 1915 subdere
1079 1873 1251 1923 solent;
1291 1874 1342 1915 cf.
1378 1874 1503 1927 Prop.
1533 1873 1611 1914 ΙΙΙ.
1648 1874 1714 1924 15,

205 1950 377 1991 9--102
410 1949 522 1991 «Nec
563 1950 732 1992 femina
755 1954 859 2005 post
883 1954 927 1992 te
954 1951 1056 1994 Ulla
1095 1951 1217 1993 dedit
1242 1951 1358 1993 collo
1392 1951 1542 1992 dulcia
1564 1950 1714 1992 vincla

206 2038 330 2067 meo·
364 2029 407 2068 et
432 2027 465 2068 Ι.
499 2028 564 2075 13,
598 2028 662 2068 15.
690 2026 746 2069 de
774 2031 999 2071 amatore:
1032 2027 1158 2070 «Vidi
1186 2041 1266 2082 ego
1306 2031 1350 2070 te
1389 2031 1484 2070 toto
1509 2029 1712 2069 vinctum

203 2101 492 2155 languescere
519 2102 675 2147 collo».
705 2128 763 2132 ——
789 2101 848 2146 Et
873 2101 962 2146 sibi
990 2101 1245 2147 blanditias
1284 2103 1483 2147 tremula
1521 2115 1711 2158 compo-

204 2190 312 2221 nere
352 2190 471 2233 voce,
512 2178 810 2233 praemeditari
852 2193 1003 2222 secum
1044 2193 1274 2223 sermones
1313 2180 1515 2232 blandos,
1550 2181 1714 2235 quibus

203 2254 365 2298 deinde
390 2256 590 2310 puellam
615 2260 775 2299 exoret.
792 2256 1136 2313 —hlanditias,
1161 2262 1212 2300 ut
1238 2272 1374 2313 supra
1392 2259 1424 2300 I.
1451 2260 1485 2306 1,
1507 2259 1683 2301 71—72
1699 2274 1712 2301 ε

211 2346 315 2375 «nec
342 2346 493 2375 amare
519 2333 704 2385 decebit,
733 2334 890 2378 Dicere
916 2349 1000 2378 nec
1026 2349 1138 2378 cano
1165 2336 1409 2379 blanditias
1436 2337 1621 2391 capite».
1652 2361 1710 2365 —

203 2410 404 2452 tremula
430 2443 440 2452 .
467 2444 476 2452 .
506 2443 515 2452 .
547 2423 663 2463 voce,
700 2416 884 2467 propter
921 2417 1211 2464 senectutem,
1239 2418 1289 2456 ut
1326 2414 1433 2456 Hor.
1463 2413 1607 2456 Carm.
1635 2413 1706 2456 IV.

207 2488 273 2536 13,
302 2489 431 2530 5—6.
460 2487 515 2529 de
541 2501 657 2531 anu:
689 2488 770 2532 «Et
794 2493 928 2533 cantu
953 2491 1145 2534 tremulo
1171 2495 1280 2546 pota
1303 2490 1569 2546 Cupidinem
1594 2491 1710 2532 Len-

202 2567 300 2606 tum
346 2565 606 2615 sollicitas»;
648 2566 699 2607 cf.
745 2567 879 2609 etiam
917 2567 1026 2610 Hor.
1067 2567 1156 2611 Sat.
1196 2569 1251 2610 IL
1294 2569 1333 2618 3,
1369 2570 1467 2611 274.
1509 2568 1562 2610 de
1602 2582 1709 2609 sene

205 2645 411 2684 amante:
458 2641 616 2684 «balba
642 2643 747 2685 feris
787 2657 962 2687 annoso
1003 2645 1136 2687 verba
1177 2646 1371 2700 palato».
1401 2671 1456 2674 —r
1491 2645 1709 2689 manibus

202 2728 348 2760 canas
378 2717 548 2774 finqere
575 2718 700 2762 velle·
722 2731 892 2774 comas,
917 2720 1167 2777 disponere,
1196 2730 1246 2764 ut
1271 2722 1347 2765 Ov.
1376 2724 1423 2764 A.
1453 2724 1500 2764 A.
1530 2723 1561 2764 L
1594 2725 1706 2766 306:
