1942 3132
746 251 804 281 n>
823 251 855 280 1.
879 249 914 288 8,
939 249 1108 280 55—66.
1641 235 1688 271 89

169 357 267 426 quae
292 370 412 412 eirea
436 382 540 411 eum
567 371 685 418 sunt,
713 367 1034 411 humectantur
1057 367 1259 409 lacrimis
1286 366 1611 419 decidentibus,
1639 370 1691 410 ut

170 449 316 491 elucet
343 461 396 490 ex
432 446 687 489 imitatione
725 444 802 488 Ov.
846 444 953 487 Her.
988 445 1055 495 12,
1084 445 1290 487 62--ss4z
1324 445 1549 487 «thalamo
1588 458 1691 488 cara

148 574 151 577 ff
172 526 350 580 recepta
376 537 504 567 soror
530 523 840 578 Disiectasque
866 534 1020 564 eomas
1047 520 1324 577 adversaque
1351 523 1399 564 in
1427 536 1505 564 ora
1542 523 1690 566 iacen-

169 606 263 645 tem
287 602 468 644 Invenit
493 604 538 643 et
562 600 762 643 lacrimis
789 600 945 642 omnia
982 599 1120 654 plena
1159 600 1318 650 meis»,
1344 599 1420 642 ubi
1463 601 1610 655 agitur
1635 601 1689 643 de

170 681 287 724 leoto
312 680 512 723 lacrimis
533 677 796 721 madefacto.

228 757 278 800 V.
308 757 499 800 55—60.
522 755 707 813 poterat
730 753 942 798 custodia
967 754 1101 807 vinci,
1132 755 1328 797 habebat
1353 756 1491 811 igitur
1522 756 1691 799 Pholoe

170 838 433 885 amatorem,
461 834 538 890 qui
564 847 664 876 eam
689 832 904 875 custodiri
943 832 1091 875 iussit.
1119 857 1179 861 ——
1206 830 1308 888 Ipse
1345 831 1470 877 dedit
1508 832 1690 889 cupidis

170 914 334 971 fallere
354 925 493 969 posse
518 910 646 965 deae,
672 924 731 953 sc.
759 912 910 962 Amor,
937 913 990 953 ut
1014 911 1135 953 infra
1159 910 1231 953 IV.
1253 912 1294 959 6,
1328 913 1406 954 12:
1440 911 1691 954 «Fallendi-

173 1002 258 1045 que
296 989 394 1031 vias
430 988 556 1031 mille
593 987 821 1030 ministret
857 987 1038 1030 Amor».
1066 1013 1127 1016 —
1152 987 1350 1043 eupidiS,
1374 987 1562 1030 Veneris
1600 989 1690 1030 fru-

173 1065 299 1108 endae
325 1064 512 1120 cupidis,
540 1066 592 1106 ut
615 1064 735 1106 infra
760 1077 822 1106 vs.
853 1065 937 1114 743
964 1064 996 1106 L
1027 1065 1067 1113 9,
1097 1065 1155 1106 58
1170 1079 1181 1114 ς
1205 1064 1277 1106 IV.
1299 1065 1338 1114 6,
1364 1066 1443 1114 11;
1470 1064 1525 1106 ΙΙ.
1545 1065 1588 1115 4,
1607 1065 1691 1114 58;

171 1144 228 1186 IL
257 1146 297 1193 5,
326 1144 397 1185 54.
417 1167 476 1171 —
492 1144 543 1186 ut
567 1153 650 1184 nec
675 1140 781 1185 dent
808 1142 970 1185 osc-ula
996 1144 1136 1197 rapta
1165 1155 1350 1196 sonum,
1375 1144 1426 1184 ut
1452 1155 1510 1184 ne
1537 1142 1693 1184 oscula

176 1221 356 1276 quidem
398 1233 559 1262 sonum
602 1219 721 1261 dent
763 1244 821 1247 —
861 1220 1078 1275 quamvis
1117 1219 1348 1275 obrepere,
1389 1219 1447 1261 ad
1488 1219 1693 1274 quamvis

174 1299 373 1353 puellam
401 1298 641 1353 obrepere3
668 1310 772 1338 oum
798 1298 1070 1349 accusativo,
1098 1300 1150 1339 ut
1173 1297 1316 1339 Plaut.
1337 1297 1458 1339 Poen.
1479 1297 1590 1351 prol.
1613 1299 1692 1339 14:

180 1376 332 1426 ·Nam‚
351 1376 441 1418 nisi
464 1375 693 1424 elamabis,
721 1374 909 1417 tacitum
937 1377 980 1417 te
1009 1375 1193 1429 obrepet
1220 1376 1387 1418 fames»
1420 1378 1464 1417 et
1490 1375 1699 1417 T1inum2·

171 1455 255 1496 62:
280 1453 506 1508 «Namque
523 1453 643 1495 enim
667 1456 730 1503 tu,
759 1452 904 1498 eredo,
932 1466 1003 1495 me
1032 1452 1368 1507 imprudentem
1394 1453 1690 1507 obrepseris».

180 1531 403 1584 Quamvis
428 1545 535 1586 pro:
562 1531 768 1586 quamvis
792 1531 1007 1584 puellam,
1035 1533 1087 1572 ut
1118 1531 1238 1572 infra
1262 1530 1335 1572 IV.
1367 1532 1405 1581 3,
1435 1532 1516 1574 21:
1550 1545 1692 1586 «quae-

172 1623 387 1664 cumque»
430 1623 538 1664 pro:
578 1622 869 1664 quaeeumque
907 1607 1072 1663 puella,
1113 1608 1146 1650 L
1178 1610 1216 1659 6,
1247 1610 1452 1651 69—70:
1485 1608 1693 1651 «laudare

175 1699 258 1728 nec
299 1686 451 1729 ullam
493 1686 667 1727 Possim
711 1699 818 1739 ego»
851 1699 908 1727 so.
953 1685 1168 1740 puellam,
1211 1686 1267 1735 H,
1303 1688 1339 1737 1,
1367 1687 1542 1728 9—10:
1576 1699 1694 1728 «non

172 1763 338 1806 'audeat
361 1763 463 1806 ulla
488 1763 736 1806 Lanificam
774 1764 930 1818 pensis
969 1764 1243 1817 imposuisse
1283 1777 1495 1806 manum»
1528 1777 1585 1806 so.
1615 1777 1691 1806 an-

179 1841 295 1883 eilla.
329 1838 558 1896 Obrepere
583 1840 637 1882 de
664 1842 828 1883 iuvene
855 1841 1014 1882 furtim
1040 1841 1240 1895 puellam
1267 1841 1476 1892 adeunte,
1503 1844 1554 1883 ut
1580 1841 1694 1883 sub—

174 1930 332 1974 repere
358 1917 412 1959 de
438 1917 592 1971 puella
617 1917 826 1959 iuvenem
853 1922 1080 1971 quaerente
1106 1917 1178 1959 IV.
1210 1919 1248 1965 3,
1270 1919 1353 1960 21:
1382 1930 1697 1972 «quaecumque

178 2008 280 2037 meo
319 1994 474 2036 furtim
515 1993 715 2047 subrepit
755 1993 923 2035 amori»
968 1994 996 2035 i.
1027 2007 1062 2036 e.
1091 1994 1245 2036 iuveni
1271 2008 1298 2036 a
1322 2008 1395 2037 me
1435 1997 1613 2044 amato;
1640 1995 1694 2036 of.

178 2073 280 2116 adn.
325 2072 381 2114 ad
421 2071 464 2113 h.
499 2071 527 2113 L
556 2096 614 2099 —
641 2071 838 2125 strepitu
878 2071 1009 2115 nullo
1051 2072 1173 2115 elam
1214 2085 1422 2116 reserare
1463 2072 1600 2130 fores,
1643 2074 1695 2115 cf.

175 2152 321 2204 poetae
348 2149 485 2191 verba
510 2147 568 2190 ad
593 2147 779 2190 ianuam
806 2147 1000 2190 dominae
1028 2150 1146 2191 infra
1171 2149 1205 2191 L
1226 2152 1266 2195 2,
1293 2151 1371 2192 10:
1396 2150 1516 2193 «Neu
1544 2151 1699 2193 furtim

180 2239 310 2270 verso
338 2225 519 2269 cardine
545 2227 702 2279 aperta
728 2238 902 2267 sones».

238 2303 287 2344 V.
319 2302 509 2345 61-66.
549 2301 793 2357 promittit,
838 2315 894 2344 sc.
937 2316 984 2344 se
1025 2302 1083 2345 ad
1124 2316 1196 2345 me
1223 2308 1461 2346 venturam
1502 2316 1610 2346 esse.
1640 2328 1698 2331 —

182 2381 336 2425 subito
373 2379 452 2423 sed
492 2378 674 2436 perfida
723 2379 864 2436 fallit,
904 2380 1055 2423 locum
1097 2382 1316 2436 expressit
1356 2381 1484 2436 Prop.
1525 2382 1581 2423 IL
1627 2382 1696 2429 22,

179 2460 386 2502 45—47:
432 2458 541 2499 «Hic
583 2470 702 2499 unus
743 2457 871 2501 dolor
912 2461 981 2500 est
1022 2472 1074 2500 ex
1115 2459 1326 2501 omnibus
1368 2473 1470 2501 acer
1512 2460 1696 2508 amanti,

185 2537 392 2593 Speranti
437 2537 585 2579 subito
629 2537 666 2578 si
710 2550 797 2591 qua
833 2537 989 2579 venire
1027 2539 1189 2591 negat:
1217 2537 1397 2589 Quanta
1435 2537 1565 2579 illum
1604 2540 1698 2579 toto

182 2618 364 2658 versant
406 2614 603 2669 suspiria
641 2613 799 2656 lecto».
834 2638 893 2643 ——-
934 2613 1256 2671 quodcumque
1297 2617 1518 2665 movetur,
1566 2613 1700 2657 Illius

183 2690 314 2734 credo
357 2693 465 2734 tunc
507 2690 717 2734 sonuisse
751 2689 908 2746 pedes,
949 2693 1000 2733 ut
1041 2690 1118 2733 Ov.
1160 2691 1265 2733 Her.
1301 2693 1364 2741 19,
1395 2693 1598 2733 53>—>54:
1632 2692 1701 2731 «et

184 2781 366 2810 omnem
394 2768 621 2810 Adventus
648 2767 886 2822 strepitum
913 2768 1138 2811 oredimus
1165 2782 1262 2811 esse
1288 2769 1397 2810 tui».
