1942 3132
0 0 31 75 'W

771 225 830 255 u>
848 225 898 255 11.
920 223 956 264 4,
982 223 1146 255 11—14.
1636 211 1707 249 243

210 341 318 385 Met.
343 342 440 386 XII.
469 343 582 386 510:
617 341 816 385 «insanis
839 341 1009 384 viribus
1035 342 1200 384 austri»
1233 345 1277 384 et
1302 333 1421 386 Stat.
1446 341 1551 385 Silv.
1578 343 1636 386 Π.
1663 345 1702 394 ⁶2,

211 420 292 462 27:
326 419 500 462 «insani
529 418 702 474 spirant
732 417 998 461 clementius
1035 420 1219 462 austri».
1258 418 1324 462 Cf.
1349 419 1478 474 Verg.
1515 420 1625 462 Aen.
1650 420 1705 463 X.

211 495 470 538 693—694:
503 494 650 537 «velut
675 507 822 549 rupes,
839 498 1018 537 vastum
1035 509 1131 550 quae
1155 495 1305 550 prodit
1321 496 1369 538 in
1386 510 1548 551 aequor,
1567 495 1707 540 Obvia

210 573 445 614 ventorum
482 571 655 613 furiis».
694 594 753 600 -
790 568 1039 628 Naufraya
1061 605 1069 613 .
1095 603 1106 614 .
1130 604 1141 615 .
1179 570 1322 626 unda,
1360 586 1497 615 sensu
1533 574 1703 616 activo:

209 662 304 703 quae
329 661 465 692 naves
492 648 669 704 frangit,
695 650 747 690 ut
771 648 882 691 Hor.
908 648 1053 692 Carm.
1078 649 1114 691 I.
1144 650 1210 702 16,
1242 651 1319 692 10:
1354 663 1498 693 «mare
1525 651 1702 693 naufra-

209 739 338 780 gum»
370 726 415 767 et
440 723 517 768 Ov.
552 724 659 767 Met.
677 723 793 767 XIV.
810 726 863 767 6:
896 726 1084 767 «fretum
1100 726 1413 781 naufragum».
1430 751 1488 757 —
1503 726 1657 770 vitrei.
1670 761 1679 769 .
1691 760 1702 770 .

160 837 161 840 ,
207 801 368 853 maris,
395 801 583 851 caerulei,
611 803 880 856 perpetuum
913 802 1055 866 ⁸maris
1082 801 1325 857 epitheton,
1365 806 1415 845 ut
1441 816 1576 858 supra
1599 804 1636 846 I.
1663 806 1702 855 3,

210 879 288 922 37:
342 878 575 921 «Nondum
620 877 831 920 caeruleas
871 878 1007 932 pinus
1044 878 1364 920 conscenderat
1408 879 1575 922 undas»
1595 894 1607 930 ;
1648 881 1701 923 cf.

207 954 318 998 Hor.
344 954 487 999 Carm.
515 954 589 997 IV.
617 955 657 1003 2,
687 955 828 997 3—4:
858 954 1024 997 «vitreo
1050 953 1234 996 daturus
1259 955 1451 998 Nomina
1471 958 1637 1010 ponto»
1661 959 1705 999 et

207 1033 314 1076 ibid.
339 1032 375 1075 I.
404 1033 472 1083 17,
501 1034 584 1075 20:
629 1032 844 1074 «vitream
880 1031 1061 1074 Circen»
1107 1033 1178 1084 (cf.
1218 1031 1317 1074 adn.
1357 1046 1493 1087 supra
1519 1033 1575 1075 ad
1598 1033 1634 1075 I.
1661 1035 1702 1085 5,

207 1111 289 1153 46:
322 1110 507 1152 «caerula
532 1109 757 1162 Thetim„
797 1108 907 1152 Stat.
948 1108 1054 1152 Silv.
1080 1109 1136 1152 Π.
1165 1111 1205 1158 2,
1228 1111 1311 1153 49:
1345 1111 1599 1166 «vitreoque
1623 1125 1702 1153 na-

206 1188 306 1229 tant
327 1187 538 1242 praetoria
573 1191 758 1242 ponto».
784 1187 866 1230 Est
903 1188 1024 1230 enim
1049 1187 1218 1231 vitrum
1255 1187 1408 1240 herba,
1436 1202 1530 1244 quae
1567 1188 1702 1230 etiam

208 1265 335 1307 isatis
360 1263 492 1318 (Plin.
517 1265 570 1307 N.
595 1264 655 1307 H.
681 1264 778 1307 XX.
804 1267 894 1318 59.)
921 1268 965 1308 et
999 1266 1194 1320 glastum
1232 1265 1360 1317 (Plin.
1399 1265 1451 1307 N.
1477 1265 1535 1307 H.
1561 1265 1702 1308 XXII.

209 1343 279 1395 2.),
305 1355 332 1384 a
354 1341 464 1385 viris
494 1342 637 1384 doctis
664 1345 814 1384 autem
839 1341 973 1384 hodie
999 1342 1133 1385 isatis
1172 1341 1388 1386 tinctoria
1423 1341 1491 1393 L.,
1517 1342 1702 1398 Hunga-

206 1419 293 1461 rice
318 1417 500 1476 festo'fil,
530 1417 796 1462 Germanice
831 1417 966 1462 Waid
990 1422 1199 1470 vocatur;
1234 1433 1286 1461 ex
1323 1432 1376 1461 ea
1398 1418 1450 1461 fit
1473 1419 1597 1461 color
1621 1433 1700 1462 cae-

206 1497 371 1538 ruleus.
398 1495 463 1539 Cf.
490 1495 598 1539 Caes.
634 1496 684 1538 B.
713 1495 766 1540 G.
791 1496 840 1539 V.
873 1497 940 1546 14,
968 1497 1020 1539 2:
1065 1509 1246 1539 «omnes
1272 1510 1318 1538 se
1354 1495 1561 1538 Britanni
1585 1497 1701 1539 vitro

204 1572 418 1624 inficiunt,
449 1573 567 1629 quod
593 1574 831 1616 caeruleum
858 1573 993 1616 efficit
1013 1574 1220 1623 colorem,
1245 1576 1377 1628 atque
1403 1574 1487 1616 hoc
1513 1574 1701 1617 horribi-

206 1651 343 1693 liores
384 1653 489 1692 sunt
529 1651 578 1693 in
615 1665 767 1706 pugna
809 1654 1014 1706 aspectu»
1035 1665 1046 1701 ;
1086 1650 1257 1694 Vitruv.
1294 1649 1391 1692 VH.
1436 1653 1517 1694 14:
1562 1652 1700 1694 «Item

206 1730 388 1782 propter
411 1727 614 1782 inopiam
639 1728 801 1770 coloris
826 1727 967 1770 Indici
994 1731 1161 1770 cretam
1188 1726 1460 1771 Selinusiam
1487 1730 1565 1770 aut
1590 1742 1699 1770 anu-

205 1804 364 1846 lariam
389 1804 516 1853 vitro,
536 1804 654 1858 quod
681 1803 822 1847 Graeci
847 1803 980 1847 ἴσατιν
1006 1805 1250 1859 appellant,
1277 1803 1528 1848 inficientes
1553 1805 1699 1847 imita-

204 1881 374 1922 tionem
421 1881 592 1923 faciunt
629 1881 792 1923 coloris
829 1882 1016 1924 Indici».
1057 1881 1191 1924 Color
1227 1884 1378 1923 autem
1414 1880 1595 1923 Indicus
1634 1884 1701 1924 est

205 1958 429 2008 cmi-uleus,
459 1959 534 2013 qui
561 1957 694 2000 hodie
720 1959 852 2012 vulgo
875 1957 1033 2016 indiqo
1058 1961 1251 2009 vocatur,
1280 1960 1331 2000 ut
1355 1957 1484 2000 docet
1507 1958 1621 2001 Plin.
1647 1959 1699 2002 N.

204 2035 261 2078 H.
287 2035 463 2078 XXXV.
488 2036 571 2078 46:
605 2036 823 2078 «maxima
848 2036 1090 2079 auctoritas
1111 2035 1279 2088 (colori)
1303 2035 1458 2077 Indico
1480 2067 1491 2077 .
1515 2068 1526 2078 .
1551 2068 1561 2077 .
1588 2035 1700 2078 Cum

204 2114 422 2162 cernatur,
450 2113 641 2167 nigrum,
685 2115 731 2154 at
755 2113 803 2154 in
828 2112 1040 2155 diluendo
1066 2113 1306 2155 mixturam
1331 2125 1539 2167 purpurae
1566 2125 1698 2156 caeru-

203 2189 323 2244 lique
348 2189 600 2231 mirabilem
629 2188 818 2231 reddit».
843 2213 903 2219 —
930 2188 1136 2233 tunderet
1174 2188 1316 2240 unda,
1354 2192 1405 2231 ut
1441 2188 1602 2232 Catull.
1632 2191 1697 2241 11,

206 2268 349 2310 3—24:
398 2266 551 2309 «Litus
590 2269 641 2308 ut
666 2267 798 2322 longe
825 2269 1066 2309 resonante
1106 2280 1188 2309 eoa
1225 2265 1445 2308 'Funditur
1480 2266 1624 2308 unda»
1657 2270 1701 2310 et

202 2341 330 2396 Verg.
355 2342 466 2385 Aen.
488 2342 540 2384 V.
570 2344 827 2387 124—126:
861 2343 965 2386 «Est
978 2344 1135 2399 procul
1156 2344 1204 2386 in
1228 2344 1387 2398 pelago
1414 2357 1570 2386 saxum
1596 2357 1698 2399 spu-

202 2420 374 2462 mantia
398 2422 555 2461 contra
592 2419 756 2471 Litora,
800 2420 918 2475 quod
954 2420 1138 2463 tumidis
1179 2420 1459 2463 submersum
1496 2420 1700 2462 tunditur

203 2497 310 2539 olim
335 2496 610 2538 Fluctibus».

260 2573 311 2615 V.
341 2574 528 2616 11—14.
557 2571 692 2616 Nunc
714 2575 757 2618 et
783 2586 948 2618 amara
970 2573 1067 2619 dies
1090 2576 1130 2618 et
1150 2575 1292 2618 noctis
1309 2574 1517 2618 amarior
1531 2573 1697 2617 umbra

202 2652 283 2703 est,
307 2664 485 2693 versum
523 2650 728 2693 imitatur
763 2650 841 2695 Ov.
867 2651 975 2695 Her.
1006 2653 1072 2702 12,
1117 2653 1226 2695 169:
1265 2651 1390 2694 «Non
1428 2650 1540 2692 mihi
1574 2653 1698 2704 grata

203 2726 310 2776 dies,
337 2730 492 2770 noctes
518 2727 762 2781 vigilantur
786 2741 991 2770 amarae».
1007 2752 1066 2758 —
1091 2729 1236 2772 noctis
1256 2761 1268 2773 .
1293 2760 1304 2772 .
1326 2761 1336 2770 .
1366 2727 1549 2777 umbra,
1576 2730 1696 2768 tene-

1487 2809 1553 2843 16*
