1942 3132
258 213 323 247 116
602 211 607 216 ’
825 227 882 255 AD
903 227 934 255 1.
957 225 990 265 3,
1016 224 1182 254 27—32.

258 343 448 386 edebant
471 344 604 396 virgae
631 357 753 385 aereae
780 343 981 393 mobiles,
1011 357 1106 399 quae
1134 344 1266 384 sistro
1294 346 1504 397 quassato
1542 344 1759 386 laminam

258 435 418 463 aeream
443 421 685 475 pulsabant
699 435 710 470 ;
737 421 836 463 vide
861 421 1048 474 figuram
1066 420 1184 475 apud
1201 419 1343 462 Rich.-
1370 421 1544 465 Illustr.
1561 421 1757 463 Worter-

257 499 386 548 buch,
428 511 460 539 s.
488 512 528 540 v.
568 498 778 539 Formam
816 499 935 540 sistri
973 498 1153 552 copiose
1193 497 1404 539 describit
1441 498 1664 540 Plutarch.
1691 497 1757 539 De

259 575 375 618 Iside
405 576 472 617 63.
500 574 625 626 (Mor.
657 575 754 624 376.
783 576 836 627 c.)
862 574 925 617 Of.
955 575 1090 616 etiam
1117 574 1217 616 adn.
1247 574 1303 616 ad
1328 575 1361 616 I.
1391 575 1430 624 8,
1461 576 1530 617 22.
1549 599 1608 603 —
1625 586 1761 618 sacra

259 653 385 702 colis,
416 666 472 694 sc.
502 666 626 694 sacra
650 651 794 694 Isidis.
822 676 881 681 —
900 664 1108 708 pureque
1147 652 1314 706 lavari,
1352 651 1471 705 quod
1508 652 1651 694 facere
1689 651 1763 694 de-

262 731 425 773 bebant
452 743 621 780 omnes,
650 729 724 783 qui
750 729 807 771 ad
843 742 968 771 sacra
1005 729 1299 778 accedebant3
1326 729 1380 771 cf.
1410 729 1527 770 infra
1552 729 1624 770 IV.
1654 730 1694 779 6,
1723 730 1762 772 3.

263 808 316 849 de
364 807 562 861 Sulpicia
606 807 771 848 Iunoni
818 806 1119 848 sacrificante:
1165 806 1301 848 «Lota
1346 806 1430 848 tibi
1477 809 1543 848 est
1588 806 1763 848 hodie».

262 882 397 937 Pure,
424 897 560 926 sensu
585 883 807 937 religioso,
836 886 887 925 ut
910 867 1004 926 niv.
1032 883 1081 925 V.
1111 885 1192 925 22:
1227 896 1358 936 «pure
1397 883 1534 925 lautis
1573 883 1767 938 corpori-

264 961 369 1003 bus»
402 964 446 1003 et
482 959 682 1003 XXXIX.
727 961 805 1002 11:
839 974 971 1014 «pure
1008 961 1228 1010 lautum»;
1266 960 1388 1002 Paul.
1427 960 1549 1002 Fest.
1579 973 1612 1002 s.
1639 974 1679 1002 v.
1707 961 1765 1014 (p.

266 1039 364 1080 327.
406 1037 471 1078 ed.
512 1036 800 1087 Thewrewk):
834 1037 969 1078 «Pure
1008 1038 1194 1086 lautum,
1235 1050 1350 1091 aqua
1388 1050 1500 1090 pura
1538 1038 1762 1079 lavatum»

264 1114 292 1156 i.
321 1128 356 1156 e.
384 1112 569 1155 flumine
595 1113 706 1163 vivo,
736 1126 850 1166 aqua
877 1127 928 1154 ex
955 1114 1077 1154 fonte
1105 1116 1180 1154 aut
1218 1112 1354 1155 fluvio
1394 1114 1550 1167 petita,
1579 1126 1665 1167 qua
1690 1114 1769 1155 ho-

264 1193 410 1235 mines
449 1191 505 1233 ad
543 1205 667 1233 sacra
705 1191 964 1233 accedentes
1004 1194 1046 1232 et
1070 1204 1178 1233 vasa
1204 1191 1252 1232 in
1280 1191 1417 1233 sacris
1456 1191 1624 1232 usitata
1649 1191 1767 1232 lava-

266 1269 440 1311 bantur.
468 1293 527 1298 —
550 1281 667 1325 puro
695 1268 958 1311 secubuisse
991 1270 1100 1320 toro,
1129 1269 1342 1310 mulieres
1381 1268 1508 1310 festis
1534 1268 1667 1310 Isidis
1692 1281 1774 1322 per

268 1349 437 1387 certum
473 1348 651 1399 tempus
686 1346 781 1387 sine
813 1346 921 1387 viris
962 1345 1153 1387 dormire
1196 1345 1428 1395 debebant,
1471 1345 1590 1386 unde
1632 1344 1774 1386 crebri

269 1425 503 1476 poetarum
545 1423 812 1464 eroticorum
851 1423 901 1464 in
942 1422 1070 1464 deam
1112 1425 1306 1476 questus,
1350 1424 1400 1463 ut
1436 1422 1565 1475 Prop.
1605 1421 1661 1463 H.
1703 1423 1771 1471 33,

276 1501 386 1541 1—-2
404 1515 413 1542 ε
438 1499 622 1540 «Tristia
639 1500 730 1540 iam
751 1499 940 1540 redeunt
956 1499 1119 1545 iterum
1138 1499 1374 1540 sollemnia
1398 1498 1555 1540 nobis:
1582 1497 1774 1551 Cynthia

271 1577 360 1617 iam
401 1578 555 1618 noctes
599 1578 666 1617 est
707 1580 891 1630 operata
930 1575 1125 1617 decem».
1169 1574 1455 1627 Secubuisse,
1495 1577 1546 1616 ut
1572 1574 1648 1617 Ov.
1675 1575 1771 1620 Am,-

271 1653 348 1694 ΠΙ.
382 1654 448 1703 10,
478 1655 529 1695 2:
563 1652 777 1694 «Secubat
814 1654 863 1694 in
895 1666 1034 1694 vacuo
1074 1653 1171 1694 sola
1207 1651 1356 1706 puella
1394 1654 1517 1692 toro»
1551 1653 1595 1692 et
1618 1651 1674 1692 IL
1707 1653 1773 1702 19,

272 1730 353 1771 42:
388 1729 499 1772 «Cur
523 1730 688 1771 totiens
714 1743 853 1771 vacuo
881 1730 1062 1771 secubat
1098 1730 1196 1783 ipsa
1233 1731 1374 1770 toro».
1402 1726 1543 1782 Puro,
1567 1742 1648 1782 per
1672 1741 1775 1771 (κοτι-ι

274 1807 471 1849 cubitum
496 1821 591 1849 non
616 1808 864 1862 inquinato.

332 1884 381 1926 V.
412 1885 599 1927 27—32.
633 1897 771 1940 posse
810 1883 982 1927 mederi
1014 1883 1136 1927 Picta
1168 1883 1294 1927 docet
1320 1882 1499 1938 templis
1524 1883 1675 1925 multa
1700 1884 1775 1925 ta-

277 1959 398 2003 bella
425 1961 526 2012 tuis,
555 1961 630 2014 qui
655 1961 788 2003 Isidis
816 1975 898 2014 ope
926 1975 948 2002 e
974 1961 1130 2003 morbo
1169 1960 1553 2010 reconvaluerunt,
1593 1972 1777 2012 suspen·

276 2035 438 2078 debant
463 2037 511 2078 in
540 2038 705 2091 templo
733 2037 824 2078 deae
850 2038 1026 2079 tabulas
1045 2051 1096 2078 ex
1112 2039 1215 2078 voto
1237 2037 1393 2090 pictas,
1413 2050 1509 2090 quae
1537 2036 1778 2078 reddebant

274 2114 518 2166 imaginem
544 2114 742 2155 hominis
769 2117 845 2156 aut
870 2115 1011 2168 partis
1037 2114 1238 2168 corporis
1265 2117 1432 2156 sanatae
1461 2127 1562 2155 cum
1587 2113 1775 2167 inscrip-

276 2190 411 2239 tione,
440 2191 558 2232 unde
584 2192 676 2233 Iuv.
706 2190 796 2234 Sat.
830 2193 895 2241 12,
926 2194 1008 2234 28:
1042 2193 1257 2246 «pictores
1285 2192 1383 2246 quis
1410 2190 1553 2232 nescit
1579 2190 1632 2231 ab
1657 2189 1776 2232 Iside

277 2268 454 2320 pasciP»
486 2292 545 2297 —
565 2280 703 2323 posse
728 2267 915 2321 mederi,
943 2270 1126 2323 supple:
1151 2280 1285 2322 posse
1310 2270 1353 2309 te
1380 2266 1559 2315 mederi,
1586 2268 1637 2307 ut
1661 2265 1780 2307 infra

277 2343 332 2384 II.
364 2345 401 2393 6,
435 2346 512 2386 13:
546 2345 717 2387 «Iuravi
755 2346 961 2399 quotiens
999 2346 1247 2387 rediturum
1286 2346 1359 2396 (sc.
1400 2345 1488 2396 me)
1526 2343 1582 2385 ad
1618 2343 1778 2384 limina

278 2432 551 2473 nunquam».
570 2445 627 2451 —
639 2422 787 2465 multa
803 2422 987 2475 tabella,
1001 2435 1215 2464 numerus
1230 2421 1483 2476 singularis,
1498 2422 1549 2462 ut
1563 2418 1639 2461 Ov.
1652 2419 1773 2461 Fast.

279 2497 356 2538 III.
398 2498 510 2539 268:
556 2498 634 2539 «Et
673 2500 820 2552 posita
859 2502 925 2541 est
962 2500 1131 2541 meritae
1169 2501 1312 2541 multa
1350 2498 1511 2540 tabella
1552 2497 1684 2538 deae».
1718 2521 1777 2528 —

279 2572 454 2616 votivas
473 2575 741 2629 persolvens
758 2574 897 2619 Delia
920 2589 1049 2619 voces
1066 2575 1185 2620 Ante
1207 2589 1367 2620 sacras
1395 2576 1488 2619 lino
1517 2575 1632 2617 tecta
1655 2574 1777 2630 fores

283 2649 448 2704 sedeat,
485 2650 615 2692 Delia
652 2653 772 2694 vovit
815 2667 859 2695 se
898 2657 999 2707 post
1038 2655 1212 2696 felicem
1253 2654 1415 2696 Tibulli
1461 2651 1655 2693 reditum
1698 2665 1778 2705 per

283 2729 450 2769 certum
475 2730 650 2781 tempus
678 2731 779 2769 ante
807 2730 923 2771 fores
949 2731 1105 2784 templi
1133 2731 1360 2772 sedentem
1384 2729 1587 2783 precibus
1612 2729 1779 2782 gratias
