<?xml version="1.0" encoding="UTF-8"?>
<!DOCTYPE html PUBLIC "-//W3C//DTD XHTML 1.0 Transitional//EN"
    "http://www.w3.org/TR/xhtml1/DTD/xhtml1-transitional.dtd">
<html xmlns="http://www.w3.org/1999/xhtml" xml:lang="en" lang="en">
 <head>
  <title>
</title>
<meta http-equiv="Content-Type" content="text/html;charset=utf-8" />
  <meta name='ocr-system' content='tesseract 3.04.00' />
  <meta name='ocr-capabilities' content='ocr_page ocr_carea ocr_par ocr_line ocrx_word'/>
</head>
<body>
  <div class='ocr_page' id='page_1' title='image "./carminaaccedunts00tibuuoft_0044.png"; bbox 0 0 1942 3132; ppageno 0'>
   <div class='ocr_carea' id='block_1_1' title="bbox 215 613 256 636">
    <p class='ocr_par' dir='ltr' id='par_1_1' title="bbox 215 613 256 636">
     <span class='ocr_line' id='line_1_1' title="bbox 215 613 256 636; baseline 0 0"><span class='ocrx_word' id='word_1_1' title='bbox 215 613 256 636; x_wconf 77' lang='lat'>30</span> 
     </span>
    </p>
   </div>
   <div class='ocr_carea' id='block_1_2' title="bbox 221 1381 259 1404">
    <p class='ocr_par' dir='ltr' id='par_1_2' title="bbox 221 1381 259 1404">
     <span class='ocr_line' id='line_1_2' title="bbox 221 1381 259 1404; baseline 0 0"><span class='ocrx_word' id='word_1_2' title='bbox 221 1381 259 1404; x_wconf 80' lang='lat'>40</span> 
     </span>
    </p>
   </div>
   <div class='ocr_carea' id='block_1_3' title="bbox 269 235 318 269">
    <p class='ocr_par' dir='ltr' id='par_1_3' title="bbox 269 235 318 269">
     <span class='ocr_line' id='line_1_3' title="bbox 269 235 318 269; baseline -0.02 0"><span class='ocrx_word' id='word_1_3' title='bbox 269 235 318 269; x_wconf 72' lang='lat'>40</span> 
     </span>
    </p>
   </div>
   <div class='ocr_carea' id='block_1_4' title="bbox 221 1746 273 1788">
    <p class='ocr_par' dir='ltr' id='par_1_4' title="bbox 221 1746 273 1788">
     <span class='ocr_line' id='line_1_4' title="bbox 221 1746 273 1788; baseline 0 0"><span class='ocrx_word' id='word_1_4' title='bbox 221 1746 273 1788; x_wconf 51' lang='lat'>45⁸</span> 
     </span>
    </p>
   </div>
   <div class='ocr_carea' id='block_1_5' title="bbox 221 2530 261 2553">
    <p class='ocr_par' dir='ltr' id='par_1_5' title="bbox 221 2530 261 2553">
     <span class='ocr_line' id='line_1_5' title="bbox 221 2530 261 2553; baseline 0 0"><span class='ocrx_word' id='word_1_5' title='bbox 221 2530 261 2553; x_wconf 82' lang='lat'>55</span> 
     </span>
    </p>
   </div>
   <div class='ocr_carea' id='block_1_6' title="bbox 972 249 1083 297">
    <p class='ocr_par' dir='ltr' id='par_1_6' title="bbox 972 249 1083 297">
     <span class='ocr_line' id='line_1_6' title="bbox 972 249 1083 297; baseline 0.009 -19"><span class='ocrx_word' id='word_1_6' title='bbox 972 251 1018 279; x_wconf 88' lang='lat'>11.</span> <span class='ocrx_word' id='word_1_7' title='bbox 1045 249 1083 297; x_wconf 23' lang='lat'>1.-</span> 
     </span>
    </p>
   </div>
   <div class='ocr_carea' id='block_1_7' title="bbox 332 365 1683 2794">
    <p class='ocr_par' dir='ltr' id='par_1_7' title="bbox 332 365 1472 486">
     <span class='ocr_line' id='line_1_7' title="bbox 332 365 1472 421; baseline 0.003 -16"><span class='ocrx_word' id='word_1_8' title='bbox 332 365 458 405; x_wconf 90' lang='lat' dir='ltr'>Nunc</span> <span class='ocrx_word' id='word_1_9' title='bbox 484 365 598 406; x_wconf 92' lang='lat' dir='ltr'>mihi</span> <span class='ocrx_word' id='word_1_10' title='bbox 625 365 823 407; x_wconf 88' lang='lat' dir='ltr'>fumosos</span> <span class='ocrx_word' id='word_1_11' title='bbox 848 367 1011 410; x_wconf 87' lang='lat' dir='ltr'>veteris</span> <span class='ocrx_word' id='word_1_12' title='bbox 1036 368 1231 421; x_wconf 76' lang='lat' dir='ltr'>proferte</span> <span class='ocrx_word' id='word_1_13' title='bbox 1256 366 1472 408; x_wconf 85' lang='lat' dir='ltr'>Falernos</span> 
     </span>
     <span class='ocr_line' id='line_1_8' title="bbox 392 439 1314 486; baseline 0 -3"><span class='ocrx_word' id='word_1_14' title='bbox 392 439 600 483; x_wconf 81' lang='lat' dir='ltr'>Consulis</span> <span class='ocrx_word' id='word_1_15' title='bbox 618 444 671 486; x_wconf 64' lang='lat' dir='ltr'>&gt;et</span> <span class='ocrx_word' id='word_1_16' title='bbox 696 441 808 484; x_wconf 84' lang='lat' dir='ltr'>Chio</span> <span class='ocrx_word' id='word_1_17' title='bbox 836 443 993 485; x_wconf 85' lang='lat' dir='ltr'>solvite</span> <span class='ocrx_word' id='word_1_18' title='bbox 1020 443 1168 486; x_wconf 84' lang='lat' dir='ltr'>vincla</span> <span class='ocrx_word' id='word_1_19' title='bbox 1194 442 1314 483; x_wconf 86' lang='lat' dir='ltr'>cado.</span> 
     </span>
    </p>

    <p class='ocr_par' dir='ltr' id='par_1_8' title="bbox 332 516 1451 648">
     <span class='ocr_line' id='line_1_9' title="bbox 332 516 1451 574; baseline 0.003 -17"><span class='ocrx_word' id='word_1_20' title='bbox 332 516 447 558; x_wconf 88' lang='lat' dir='ltr'>Vina</span> <span class='ocrx_word' id='word_1_21' title='bbox 473 516 592 558; x_wconf 88' lang='lat' dir='ltr'>diem</span> <span class='ocrx_word' id='word_1_22' title='bbox 618 518 863 560; x_wconf 88' lang='lat' dir='ltr'>celebrent:</span> <span class='ocrx_word' id='word_1_23' title='bbox 891 533 984 574; x_wconf 91' lang='lat' dir='ltr'>non</span> <span class='ocrx_word' id='word_1_24' title='bbox 1010 520 1124 562; x_wconf 79' lang='lat' dir='ltr'>festa</span> <span class='ocrx_word' id='word_1_25' title='bbox 1148 519 1245 560; x_wconf 92' lang='lat' dir='ltr'>luce</span> <span class='ocrx_word' id='word_1_26' title='bbox 1272 518 1451 560; x_wconf 82' lang='lat' dir='ltr'>madere</span> 
     </span>
     <span class='ocr_line' id='line_1_10' title="bbox 391 593 1399 648; baseline 0.001 -13"><span class='ocrx_word' id='word_1_27' title='bbox 391 593 472 635; x_wconf 89' lang='lat' dir='ltr'>Est</span> <span class='ocrx_word' id='word_1_28' title='bbox 495 594 641 642; x_wconf 89' lang='lat' dir='ltr'>rubor,</span> <span class='ocrx_word' id='word_1_29' title='bbox 672 596 871 636; x_wconf 74' lang='lat' dir='ltr'>errantes</span> <span class='ocrx_word' id='word_1_30' title='bbox 897 596 1082 637; x_wconf 86' lang='lat' dir='ltr'>etmale</span> <span class='ocrx_word' id='word_1_31' title='bbox 1109 596 1222 637; x_wconf 81' lang='lat' dir='ltr'>ferre</span> <span class='ocrx_word' id='word_1_32' title='bbox 1249 594 1399 648; x_wconf 89' lang='lat' dir='ltr'>pedes.</span> 
     </span>
    </p>

    <p class='ocr_par' dir='ltr' id='par_1_9' title="bbox 334 668 1683 801">
     <span class='ocr_line' id='line_1_11' title="bbox 334 668 1683 726; baseline 0.001 -15"><span class='ocrx_word' id='word_1_33' title='bbox 334 668 445 711; x_wconf 84' lang='lat' dir='ltr'>Sed:</span> <span class='ocrx_word' id='word_1_34' title='bbox 479 669 624 711; x_wconf 87' lang='lat' dir='ltr'>«Bene</span> <span class='ocrx_word' id='word_1_35' title='bbox 650 669 933 712; x_wconf 80' lang='lat' dir='ltr'>Messallam»</span> <span class='ocrx_word' id='word_1_36' title='bbox 966 684 1046 712; x_wconf 88' lang='lat' dir='ltr'>sua</span> <span class='ocrx_word' id='word_1_37' title='bbox 1073 671 1258 726; x_wconf 88' lang='lat' dir='ltr'>quisque</span> <span class='ocrx_word' id='word_1_38' title='bbox 1286 670 1340 712; x_wconf 82' lang='lat' dir='ltr'>ad</span> <span class='ocrx_word' id='word_1_39' title='bbox 1365 671 1526 724; x_wconf 90' lang='lat' dir='ltr'>pocula</span> <span class='ocrx_word' id='word_1_40' title='bbox 1555 670 1683 721; x_wconf 87' lang='lat' dir='ltr'>dicat,</span> 
     </span>
     <span class='ocr_line' id='line_1_12' title="bbox 393 746 1426 801; baseline 0.002 -14"><span class='ocrx_word' id='word_1_41' title='bbox 393 746 567 788; x_wconf 90' lang='lat' dir='ltr'>Nomen</span> <span class='ocrx_word' id='word_1_42' title='bbox 594 749 637 788; x_wconf 90' lang='lat' dir='ltr'>et</span> <span class='ocrx_word' id='word_1_43' title='bbox 663 746 860 789; x_wconf 90' lang='lat' dir='ltr'>absentis</span> <span class='ocrx_word' id='word_1_44' title='bbox 887 748 1065 801; x_wconf 74' lang='lat' dir='ltr'>singula</span> <span class='ocrx_word' id='word_1_45' title='bbox 1090 748 1224 789; x_wconf 89' lang='lat' dir='ltr'>verba</span> <span class='ocrx_word' id='word_1_46' title='bbox 1251 749 1426 789; x_wconf 89' lang='lat' dir='ltr'>sonent.</span> 
     </span>
    </p>

    <p class='ocr_par' dir='ltr' id='par_1_10' title="bbox 335 822 1452 953">
     <span class='ocr_line' id='line_1_13' title="bbox 335 822 1452 877; baseline 0 -12"><span class='ocrx_word' id='word_1_47' title='bbox 335 822 493 865; x_wconf 89' lang='lat' dir='ltr'>Gentis</span> <span class='ocrx_word' id='word_1_48' title='bbox 518 822 749 877; x_wconf 86' lang='lat' dir='ltr'>Aquitanae</span> <span class='ocrx_word' id='word_1_49' title='bbox 776 824 948 866; x_wconf 79' lang='lat' dir='ltr'>celeber</span> <span class='ocrx_word' id='word_1_50' title='bbox 973 823 1186 866; x_wconf 79' lang='lat' dir='ltr'>Messalla</span> <span class='ocrx_word' id='word_1_51' title='bbox 1211 824 1452 877; x_wconf 86' lang='lat' dir='ltr'>triumphis</span> 
     </span>
     <span class='ocr_line' id='line_1_14' title="bbox 392 900 1325 953; baseline 0 -11"><span class='ocrx_word' id='word_1_52' title='bbox 392 900 448 942; x_wconf 87' lang='lat' dir='ltr'>Et</span> <span class='ocrx_word' id='word_1_53' title='bbox 472 913 637 953; x_wconf 87' lang='lat' dir='ltr'>magna</span> <span class='ocrx_word' id='word_1_54' title='bbox 661 900 855 942; x_wconf 78' lang='lat' dir='ltr'>intonsis</span> <span class='ocrx_word' id='word_1_55' title='bbox 882 900 1026 953; x_wconf 90' lang='lat' dir='ltr'>gloria</span> <span class='ocrx_word' id='word_1_56' title='bbox 1051 901 1191 942; x_wconf 86' lang='lat' dir='ltr'>victor</span> <span class='ocrx_word' id='word_1_57' title='bbox 1218 901 1325 952; x_wconf 87' lang='lat' dir='ltr'>avis,</span> 
     </span>
    </p>

    <p class='ocr_par' dir='ltr' id='par_1_11' title="bbox 332 976 1511 1108">
     <span class='ocr_line' id='line_1_15' title="bbox 332 976 1511 1030; baseline 0 -12"><span class='ocrx_word' id='word_1_58' title='bbox 332 977 433 1018; x_wconf 91' lang='lat' dir='ltr'>Huc</span> <span class='ocrx_word' id='word_1_59' title='bbox 458 976 564 1018; x_wconf 89' lang='lat' dir='ltr'>ades</span> <span class='ocrx_word' id='word_1_60' title='bbox 591 976 823 1030; x_wconf 88' lang='lat' dir='ltr'>aspiraque</span> <span class='ocrx_word' id='word_1_61' title='bbox 851 977 975 1026; x_wconf 91' lang='lat' dir='ltr'>mihi,</span> <span class='ocrx_word' id='word_1_62' title='bbox 1004 977 1110 1018; x_wconf 90' lang='lat' dir='ltr'>dum</span> <span class='ocrx_word' id='word_1_63' title='bbox 1135 978 1331 1018; x_wconf 84' lang='lat' dir='ltr'>carmine</span> <span class='ocrx_word' id='word_1_64' title='bbox 1357 979 1511 1019; x_wconf 89' lang='lat' dir='ltr'>nostro</span> 
     </span>
     <span class='ocr_line' id='line_1_16' title="bbox 393 1054 1266 1108; baseline 0 -12"><span class='ocrx_word' id='word_1_65' title='bbox 393 1054 608 1096; x_wconf 88' lang='lat' dir='ltr'>Redditur</span> <span class='ocrx_word' id='word_1_66' title='bbox 633 1054 839 1107; x_wconf 84' lang='lat' dir='ltr'>agricolis</span> <span class='ocrx_word' id='word_1_67' title='bbox 867 1056 1009 1108; x_wconf 90' lang='lat' dir='ltr'>gratia</span> <span class='ocrx_word' id='word_1_68' title='bbox 1035 1054 1266 1096; x_wconf 73' lang='lat' dir='ltr'>caelitibus.</span> 
     </span>
    </p>

    <p class='ocr_par' dir='ltr' id='par_1_12' title="bbox 332 1130 1446 1261">
     <span class='ocr_line' id='line_1_17' title="bbox 332 1130 1446 1185; baseline 0.001 -14"><span class='ocrx_word' id='word_1_69' title='bbox 332 1131 453 1172; x_wconf 86' lang='lat' dir='ltr'>Rura</span> <span class='ocrx_word' id='word_1_70' title='bbox 479 1143 590 1171; x_wconf 88' lang='lat' dir='ltr'>cano</span> <span class='ocrx_word' id='word_1_71' title='bbox 617 1130 819 1183; x_wconf 90' lang='lat' dir='ltr'>rurisque</span> <span class='ocrx_word' id='word_1_72' title='bbox 847 1130 964 1173; x_wconf 91' lang='lat' dir='ltr'>deos.</span> <span class='ocrx_word' id='word_1_73' title='bbox 994 1130 1078 1172; x_wconf 92' lang='lat' dir='ltr'>His</span> <span class='ocrx_word' id='word_1_74' title='bbox 1104 1132 1196 1172; x_wconf 89' lang='lat' dir='ltr'>vita</span> <span class='ocrx_word' id='word_1_75' title='bbox 1221 1131 1446 1185; x_wconf 76' lang='lat' dir='ltr'>magistris</span> 
     </span>
     <span class='ocr_line' id='line_1_18' title="bbox 391 1206 1390 1261; baseline 0 -13"><span class='ocrx_word' id='word_1_76' title='bbox 391 1206 604 1249; x_wconf 88' lang='lat' dir='ltr'>Desucvit</span> <span class='ocrx_word' id='word_1_77' title='bbox 630 1220 798 1261; x_wconf 83' lang='lat' dir='ltr'>querna</span> <span class='ocrx_word' id='word_1_78' title='bbox 822 1207 987 1261; x_wconf 86' lang='lat' dir='ltr'>pellere</span> <span class='ocrx_word' id='word_1_79' title='bbox 1013 1207 1174 1260; x_wconf 85' lang='lat' dir='ltr'>glande</span> <span class='ocrx_word' id='word_1_80' title='bbox 1201 1208 1390 1249; x_wconf 87' lang='lat' dir='ltr'>famem:</span> 
     </span>
    </p>

    <p class='ocr_par' dir='ltr' id='par_1_13' title="bbox 332 1283 1368 1415">
     <span class='ocr_line' id='line_1_19' title="bbox 332 1283 1312 1338; baseline 0 -13"><span class='ocrx_word' id='word_1_81' title='bbox 332 1283 405 1325; x_wconf 94' lang='lat' dir='ltr'>Illi</span> <span class='ocrx_word' id='word_1_82' title='bbox 433 1284 692 1338; x_wconf 83' lang='lat' dir='ltr'>compositis</span> <span class='ocrx_word' id='word_1_83' title='bbox 717 1285 915 1338; x_wconf 92' lang='lat' dir='ltr'>primum</span> <span class='ocrx_word' id='word_1_84' title='bbox 940 1284 1128 1326; x_wconf 86' lang='lat' dir='ltr'>docuere</span> <span class='ocrx_word' id='word_1_85' title='bbox 1155 1285 1312 1338; x_wconf 86' lang='lat' dir='ltr'>tigillis</span> 
     </span>
     <span class='ocr_line' id='line_1_20' title="bbox 392 1361 1368 1415; baseline 0.001 -13"><span class='ocrx_word' id='word_1_86' title='bbox 392 1361 609 1414; x_wconf 82' lang='lat' dir='ltr'>Exiguam</span> <span class='ocrx_word' id='word_1_87' title='bbox 634 1361 764 1402; x_wconf 89' lang='lat' dir='ltr'>viridi</span> <span class='ocrx_word' id='word_1_88' title='bbox 790 1361 947 1403; x_wconf 85' lang='lat' dir='ltr'>fronde</span> <span class='ocrx_word' id='word_1_89' title='bbox 974 1362 1147 1415; x_wconf 91' lang='lat' dir='ltr'>operire</span> <span class='ocrx_word' id='word_1_90' title='bbox 1173 1362 1368 1403; x_wconf 86' lang='lat' dir='ltr'>domum.</span> 
     </span>
    </p>

    <p class='ocr_par' dir='ltr' id='par_1_14' title="bbox 333 1437 1428 1569">
     <span class='ocr_line' id='line_1_21' title="bbox 333 1437 1371 1491; baseline 0.002 -13"><span class='ocrx_word' id='word_1_91' title='bbox 333 1437 407 1478; x_wconf 88' lang='lat' dir='ltr'>Illi</span> <span class='ocrx_word' id='word_1_92' title='bbox 434 1438 569 1478; x_wconf 91' lang='lat' dir='ltr'>etiam</span> <span class='ocrx_word' id='word_1_93' title='bbox 595 1440 748 1479; x_wconf 90' lang='lat' dir='ltr'>tauros</span> <span class='ocrx_word' id='word_1_94' title='bbox 774 1438 910 1491; x_wconf 88' lang='lat' dir='ltr'>primi</span> <span class='ocrx_word' id='word_1_95' title='bbox 936 1438 1140 1480; x_wconf 85' lang='lat' dir='ltr'>docuisse</span> <span class='ocrx_word' id='word_1_96' title='bbox 1166 1440 1371 1481; x_wconf 83' lang='lat' dir='ltr'>feruntur</span> 
     </span>
     <span class='ocr_line' id='line_1_22' title="bbox 394 1513 1428 1569; baseline 0.001 -14"><span class='ocrx_word' id='word_1_97' title='bbox 394 1513 633 1556; x_wconf 80' lang='lat' dir='ltr'>Servitium</span> <span class='ocrx_word' id='word_1_98' title='bbox 661 1517 704 1556; x_wconf 91' lang='lat' dir='ltr'>et</span> <span class='ocrx_word' id='word_1_99' title='bbox 729 1515 929 1568; x_wconf 90' lang='lat' dir='ltr'>plaustro</span> <span class='ocrx_word' id='word_1_100' title='bbox 958 1516 1245 1569; x_wconf 86' lang='lat' dir='ltr'>supposuisse</span> <span class='ocrx_word' id='word_1_101' title='bbox 1272 1517 1428 1557; x_wconf 86' lang='lat' dir='ltr'>rotam.</span> 
     </span>
    </p>

    <p class='ocr_par' dir='ltr' id='par_1_15' title="bbox 333 1591 1434 1722">
     <span class='ocr_line' id='line_1_23' title="bbox 333 1591 1434 1646; baseline 0.001 -14"><span class='ocrx_word' id='word_1_102' title='bbox 333 1592 443 1633; x_wconf 83' lang='lat' dir='ltr'>Tum</span> <span class='ocrx_word' id='word_1_103' title='bbox 469 1592 613 1633; x_wconf 87' lang='lat' dir='ltr'>victus</span> <span class='ocrx_word' id='word_1_104' title='bbox 642 1591 789 1633; x_wconf 88' lang='lat' dir='ltr'>abiere</span> <span class='ocrx_word' id='word_1_105' title='bbox 816 1593 910 1641; x_wconf 82' lang='lat' dir='ltr'>feri,</span> <span class='ocrx_word' id='word_1_106' title='bbox 939 1596 1036 1633; x_wconf 90' lang='lat' dir='ltr'>tum</span> <span class='ocrx_word' id='word_1_107' title='bbox 1062 1592 1234 1633; x_wconf 85' lang='lat' dir='ltr'>consita</span> <span class='ocrx_word' id='word_1_108' title='bbox 1260 1605 1434 1646; x_wconf 86' lang='lat' dir='ltr'>pomus,</span> 
     </span>
     <span class='ocr_line' id='line_1_24' title="bbox 394 1667 1409 1722; baseline 0.002 -14"><span class='ocrx_word' id='word_1_109' title='bbox 394 1668 504 1709; x_wconf 87' lang='lat' dir='ltr'>Tum</span> <span class='ocrx_word' id='word_1_110' title='bbox 532 1667 644 1709; x_wconf 88' lang='lat' dir='ltr'>bibit</span> <span class='ocrx_word' id='word_1_111' title='bbox 670 1668 860 1721; x_wconf 88' lang='lat' dir='ltr'>irriguas</span> <span class='ocrx_word' id='word_1_112' title='bbox 888 1669 1048 1709; x_wconf 86' lang='lat' dir='ltr'>fertilis</span> <span class='ocrx_word' id='word_1_113' title='bbox 1075 1669 1233 1710; x_wconf 87' lang='lat' dir='ltr'>hortus</span> <span class='ocrx_word' id='word_1_114' title='bbox 1260 1682 1409 1722; x_wconf 78' lang='lat' dir='ltr'>aquaS.</span> 
     </span>
    </p>

    <p class='ocr_par' dir='ltr' id='par_1_16' title="bbox 332 1745 1498 1876">
     <span class='ocr_line' id='line_1_25' title="bbox 332 1745 1498 1799; baseline -0.001 -13"><span class='ocrx_word' id='word_1_115' title='bbox 332 1745 476 1786; x_wconf 80' lang='lat' dir='ltr'>Aurea</span> <span class='ocrx_word' id='word_1_116' title='bbox 502 1748 598 1786; x_wconf 86' lang='lat' dir='ltr'>tum</span> <span class='ocrx_word' id='word_1_117' title='bbox 623 1758 801 1798; x_wconf 89' lang='lat' dir='ltr'>pressos</span> <span class='ocrx_word' id='word_1_118' title='bbox 828 1745 1015 1799; x_wconf 89' lang='lat' dir='ltr'>pedibus</span> <span class='ocrx_word' id='word_1_119' title='bbox 1043 1745 1164 1787; x_wconf 89' lang='lat' dir='ltr'>dedit</span> <span class='ocrx_word' id='word_1_120' title='bbox 1189 1758 1275 1786; x_wconf 88' lang='lat' dir='ltr'>uva</span> <span class='ocrx_word' id='word_1_121' title='bbox 1301 1745 1498 1799; x_wconf 88' lang='lat' dir='ltr'>liquores</span> 
     </span>
     <span class='ocr_line' id='line_1_26' title="bbox 393 1821 1467 1876; baseline 0 -14"><span class='ocrx_word' id='word_1_122' title='bbox 393 1821 620 1876; x_wconf 84' lang='lat' dir='ltr'>Mixtaque</span> <span class='ocrx_word' id='word_1_123' title='bbox 648 1835 801 1864; x_wconf 89' lang='lat' dir='ltr'>securo</span> <span class='ocrx_word' id='word_1_124' title='bbox 830 1825 898 1863; x_wconf 91' lang='lat' dir='ltr'>est</span> <span class='ocrx_word' id='word_1_125' title='bbox 924 1822 1073 1863; x_wconf 92' lang='lat' dir='ltr'>sobria</span> <span class='ocrx_word' id='word_1_126' title='bbox 1098 1823 1283 1875; x_wconf 84' lang='lat' dir='ltr'>lympha</span> <span class='ocrx_word' id='word_1_127' title='bbox 1308 1835 1467 1863; x_wconf 90' lang='lat' dir='ltr'>mero.-</span> 
     </span>
    </p>

    <p class='ocr_par' dir='ltr' id='par_1_17' title="bbox 334 1898 1451 2028">
     <span class='ocr_line' id='line_1_27' title="bbox 334 1898 1451 1949; baseline 0 -10"><span class='ocrx_word' id='word_1_128' title='bbox 334 1899 454 1939; x_wconf 88' lang='lat' dir='ltr'>Rura</span> <span class='ocrx_word' id='word_1_129' title='bbox 480 1899 630 1939; x_wconf 87' lang='lat' dir='ltr'>ferunt</span> <span class='ocrx_word' id='word_1_130' title='bbox 655 1911 838 1949; x_wconf 88' lang='lat' dir='ltr'>messes,</span> <span class='ocrx_word' id='word_1_131' title='bbox 867 1898 1000 1939; x_wconf 87' lang='lat' dir='ltr'>calidi</span> <span class='ocrx_word' id='word_1_132' title='bbox 1026 1912 1128 1940; x_wconf 87' lang='lat' dir='ltr'>eum</span> <span class='ocrx_word' id='word_1_133' title='bbox 1156 1898 1312 1940; x_wconf 83' lang='lat' dir='ltr'>sideris</span> <span class='ocrx_word' id='word_1_134' title='bbox 1339 1900 1451 1939; x_wconf 84' lang='lat' dir='ltr'>aestu</span> 
     </span>
     <span class='ocr_line' id='line_1_28' title="bbox 393 1966 1261 2028; baseline 0.002 -13"><span class='ocrx_word' id='word_1_135' title='bbox 393 1975 589 2028; x_wconf 89' lang='lat' dir='ltr'>Deponit</span> <span class='ocrx_word' id='word_1_136' title='bbox 606 1974 751 2016; x_wconf 30' lang='lat' dir='ltr'>*flavas</span> <span class='ocrx_word' id='word_1_137' title='bbox 779 1977 929 2016; x_wconf 87' lang='lat' dir='ltr'>annua</span> <span class='ocrx_word' id='word_1_138' title='bbox 955 1966 1073 2016; x_wconf 82' lang='lat' dir='ltr'>terra</span> <span class='ocrx_word' id='word_1_139' title='bbox 1099 1988 1261 2017; x_wconf 88' lang='lat' dir='ltr'>comas.</span> 
     </span>
    </p>

    <p class='ocr_par' dir='ltr' id='par_1_18' title="bbox 335 2051 1393 2182">
     <span class='ocr_line' id='line_1_29' title="bbox 335 2051 1393 2105; baseline -0.001 -12"><span class='ocrx_word' id='word_1_140' title='bbox 335 2052 452 2093; x_wconf 87' lang='lat' dir='ltr'>Rure</span> <span class='ocrx_word' id='word_1_141' title='bbox 477 2051 588 2093; x_wconf 83' lang='lat' dir='ltr'>levis</span> <span class='ocrx_word' id='word_1_142' title='bbox 614 2055 751 2092; x_wconf 85' lang='lat' dir='ltr'>verno</span> <span class='ocrx_word' id='word_1_143' title='bbox 778 2051 911 2093; x_wconf 88' lang='lat' dir='ltr'>flores</span> <span class='ocrx_word' id='word_1_144' title='bbox 938 2052 1035 2105; x_wconf 88' lang='lat' dir='ltr'>apis</span> <span class='ocrx_word' id='word_1_145' title='bbox 1062 2052 1225 2105; x_wconf 87' lang='lat' dir='ltr'>ingerit</span> <span class='ocrx_word' id='word_1_146' title='bbox 1253 2052 1393 2101; x_wconf 88' lang='lat' dir='ltr'>alveo,</span> 
     </span>
     <span class='ocr_line' id='line_1_30' title="bbox 396 2127 1351 2182; baseline 0 -12"><span class='ocrx_word' id='word_1_147' title='bbox 396 2128 628 2182; x_wconf 86' lang='lat' dir='ltr'>Compleat</span> <span class='ocrx_word' id='word_1_148' title='bbox 652 2130 703 2169; x_wconf 89' lang='lat' dir='ltr'>ut</span> <span class='ocrx_word' id='word_1_149' title='bbox 728 2127 847 2168; x_wconf 81' lang='lat' dir='ltr'>dulci</span> <span class='ocrx_word' id='word_1_150' title='bbox 876 2127 1030 2169; x_wconf 88' lang='lat' dir='ltr'>sedula</span> <span class='ocrx_word' id='word_1_151' title='bbox 1055 2128 1188 2169; x_wconf 90' lang='lat' dir='ltr'>melle</span> <span class='ocrx_word' id='word_1_152' title='bbox 1215 2128 1351 2170; x_wconf 84' lang='lat' dir='ltr'>favos.</span> 
     </span>
    </p>

    <p class='ocr_par' dir='ltr' id='par_1_19' title="bbox 335 2204 1366 2333">
     <span class='ocr_line' id='line_1_31' title="bbox 335 2204 1366 2258; baseline 0.002 -13"><span class='ocrx_word' id='word_1_153' title='bbox 335 2205 540 2258; x_wconf 82' lang='lat' dir='ltr'>Agricola</span> <span class='ocrx_word' id='word_1_154' title='bbox 567 2204 752 2245; x_wconf 86' lang='lat' dir='ltr'>adsiduo</span> <span class='ocrx_word' id='word_1_155' title='bbox 779 2205 976 2257; x_wconf 86' lang='lat' dir='ltr'>primum</span> <span class='ocrx_word' id='word_1_156' title='bbox 1003 2205 1191 2246; x_wconf 86' lang='lat' dir='ltr'>satiatus</span> <span class='ocrx_word' id='word_1_157' title='bbox 1219 2207 1366 2247; x_wconf 85' lang='lat' dir='ltr'>aratro</span> 
     </span>
     <span class='ocr_line' id='line_1_32' title="bbox 397 2280 1239 2333; baseline 0.001 -12"><span class='ocrx_word' id='word_1_158' title='bbox 397 2280 602 2322; x_wconf 84' lang='lat' dir='ltr'>Cantavit</span> <span class='ocrx_word' id='word_1_159' title='bbox 630 2283 746 2320; x_wconf 87' lang='lat' dir='ltr'>certo</span> <span class='ocrx_word' id='word_1_160' title='bbox 775 2280 941 2320; x_wconf 86' lang='lat' dir='ltr'>rustica</span> <span class='ocrx_word' id='word_1_161' title='bbox 968 2280 1103 2321; x_wconf 88' lang='lat' dir='ltr'>verba</span> <span class='ocrx_word' id='word_1_162' title='bbox 1127 2281 1239 2333; x_wconf 89' lang='lat' dir='ltr'>pede</span> 
     </span>
    </p>

    <p class='ocr_par' dir='ltr' id='par_1_20' title="bbox 335 2356 1472 2484">
     <span class='ocr_line' id='line_1_33' title="bbox 335 2356 1472 2409; baseline 0.002 -12"><span class='ocrx_word' id='word_1_163' title='bbox 335 2357 392 2397; x_wconf 89' lang='lat' dir='ltr'>Et</span> <span class='ocrx_word' id='word_1_164' title='bbox 417 2359 540 2397; x_wconf 85' lang='lat' dir='ltr'>satur</span> <span class='ocrx_word' id='word_1_165' title='bbox 567 2356 710 2397; x_wconf 87' lang='lat' dir='ltr'>arenti</span> <span class='ocrx_word' id='word_1_166' title='bbox 734 2356 930 2409; x_wconf 89' lang='lat' dir='ltr'>primum</span> <span class='ocrx_word' id='word_1_167' title='bbox 958 2360 1024 2397; x_wconf 93' lang='lat' dir='ltr'>est</span> <span class='ocrx_word' id='word_1_168' title='bbox 1049 2357 1304 2399; x_wconf 88' lang='lat' dir='ltr'>modulatus</span> <span class='ocrx_word' id='word_1_169' title='bbox 1332 2371 1472 2399; x_wconf 86' lang='lat' dir='ltr'>avena</span> 
     </span>
     <span class='ocr_line' id='line_1_34' title="bbox 397 2432 1352 2484; baseline 0.003 -10"><span class='ocrx_word' id='word_1_170' title='bbox 397 2432 599 2482; x_wconf 85' lang='lat' dir='ltr'>Carmen,</span> <span class='ocrx_word' id='word_1_171' title='bbox 627 2436 677 2473; x_wconf 90' lang='lat' dir='ltr'>ut</span> <span class='ocrx_word' id='word_1_172' title='bbox 704 2436 884 2474; x_wconf 74' lang='lat' dir='ltr'>ornatos</span> <span class='ocrx_word' id='word_1_173' title='bbox 912 2433 1075 2474; x_wconf 85' lang='lat' dir='ltr'>diceret</span> <span class='ocrx_word' id='word_1_174' title='bbox 1102 2438 1204 2476; x_wconf 82' lang='lat' dir='ltr'>ante</span> <span class='ocrx_word' id='word_1_175' title='bbox 1233 2435 1352 2484; x_wconf 90' lang='lat' dir='ltr'>deos,</span> 
     </span>
    </p>

    <p class='ocr_par' dir='ltr' id='par_1_21' title="bbox 336 2508 1454 2638">
     <span class='ocr_line' id='line_1_35' title="bbox 336 2508 1454 2563; baseline 0.001 -12"><span class='ocrx_word' id='word_1_176' title='bbox 336 2509 543 2563; x_wconf 85' lang='lat' dir='ltr'>Agricola</span> <span class='ocrx_word' id='word_1_177' title='bbox 570 2511 613 2549; x_wconf 90' lang='lat' dir='ltr'>et</span> <span class='ocrx_word' id='word_1_178' title='bbox 637 2508 778 2549; x_wconf 90' lang='lat' dir='ltr'>minio</span> <span class='ocrx_word' id='word_1_179' title='bbox 806 2508 1012 2559; x_wconf 84' lang='lat' dir='ltr'>suffusus,</span> <span class='ocrx_word' id='word_1_180' title='bbox 1040 2510 1225 2560; x_wconf 86' lang='lat' dir='ltr'>Bacche,</span> <span class='ocrx_word' id='word_1_181' title='bbox 1255 2511 1454 2553; x_wconf 86' lang='lat' dir='ltr'>rubenti-</span> 
     </span>
     <span class='ocr_line' id='line_1_36' title="bbox 396 2584 1377 2638; baseline 0.003 -12"><span class='ocrx_word' id='word_1_182' title='bbox 396 2585 570 2626; x_wconf 88' lang='lat' dir='ltr'>Primus</span> <span class='ocrx_word' id='word_1_183' title='bbox 597 2585 826 2638; x_wconf 86' lang='lat' dir='ltr'>inexperta</span> <span class='ocrx_word' id='word_1_184' title='bbox 852 2584 975 2626; x_wconf 90' lang='lat' dir='ltr'>duxit</span> <span class='ocrx_word' id='word_1_185' title='bbox 1002 2587 1056 2627; x_wconf 90' lang='lat' dir='ltr'>ab</span> <span class='ocrx_word' id='word_1_186' title='bbox 1085 2590 1175 2628; x_wconf 84' lang='lat' dir='ltr'>arte</span> <span class='ocrx_word' id='word_1_187' title='bbox 1204 2588 1377 2629; x_wconf 87' lang='lat' dir='ltr'>choros.</span> 
     </span>
    </p>

    <p class='ocr_par' dir='ltr' id='par_1_22' title="bbox 336 2660 1488 2794">
     <span class='ocr_line' id='line_1_37' title="bbox 336 2660 1488 2714; baseline 0 -11"><span class='ocrx_word' id='word_1_188' title='bbox 336 2662 453 2704; x_wconf 88' lang='lat' dir='ltr'>Huic</span> <span class='ocrx_word' id='word_1_189' title='bbox 479 2660 607 2702; x_wconf 88' lang='lat' dir='ltr'>datus</span> <span class='ocrx_word' id='word_1_190' title='bbox 635 2674 659 2702; x_wconf 89' lang='lat' dir='ltr'>a</span> <span class='ocrx_word' id='word_1_191' title='bbox 685 2661 832 2714; x_wconf 89' lang='lat' dir='ltr'>pleno,</span> <span class='ocrx_word' id='word_1_192' title='bbox 862 2663 1151 2703; x_wconf 87' lang='lat' dir='ltr'>memorabile</span> <span class='ocrx_word' id='word_1_193' title='bbox 1178 2677 1357 2714; x_wconf 88' lang='lat' dir='ltr'>munus,</span> <span class='ocrx_word' id='word_1_194' title='bbox 1384 2664 1488 2705; x_wconf 80' lang='lat' dir='ltr'>ovili</span> 
     </span>
     <span class='ocr_line' id='line_1_38' title="bbox 397 2737 1436 2794; baseline 0.003 -14"><span class='ocrx_word' id='word_1_195' title='bbox 397 2739 497 2780; x_wconf 90' lang='lat' dir='ltr'>Dux</span> <span class='ocrx_word' id='word_1_196' title='bbox 520 2737 719 2792; x_wconf 88' lang='lat' dir='ltr'>pecoris:</span> <span class='ocrx_word' id='word_1_197' title='bbox 746 2750 905 2790; x_wconf 88' lang='lat' dir='ltr'>parvas</span> <span class='ocrx_word' id='word_1_198' title='bbox 933 2742 1113 2780; x_wconf 78' lang='lat' dir='ltr'>auxerat</span> <span class='ocrx_word' id='word_1_199' title='bbox 1139 2740 1288 2782; x_wconf 84' lang='lat' dir='ltr'>hircus</span> <span class='ocrx_word' id='word_1_200' title='bbox 1316 2754 1436 2794; x_wconf 91' lang='lat' dir='ltr'>opes.</span> 
     </span>
    </p>
   </div>
  </div>
 </body>
</html>
