1942 3132
730 217 788 247 u>
808 217 840 246 1.
862 216 897 254 6,
922 215 1090 247 25—36.
1599 203 1670 239 173

158 333 275 379 mihi
312 348 406 380 non
431 370 440 379 .
472 367 484 378 .
511 370 519 379 .
548 335 606 378 sit
628 333 855 387 timuisse,
895 347 989 376 non
1027 333 1199 376 accidat
1236 334 1369 390 mihi..
1391 338 1441 376 ut
1467 336 1664 385 timeam,

159 413 189 455 i.
210 426 253 461 ‚e.
281 426 373 455 non
399 413 587 455 verebor
611 412 872 463 eaecitatem,
911 414 962 453 ut
988 412 1106 453 infra
1143 411 1214 454 IV.
1257 414 1294 461 3,
1335 414 1386 454 3:
1432 412 1544 454 «Nee
1583 414 1667 455 tibi

161 490 220 532 sit
255 489 391 533 duros
419 490 592 533 acuisse
615 490 665 532 in
700 489 862 544 proelia
887 488 1089 539 dentes-3
1116 489 1168 531 ef.
1203 488 1332 543 Verg.
1360 489 1453 532 Eel.
1486 491 1555 540 10,
1581 492 1664 533 46:

165 566 279 609 «Nee
319 568 380 610 sit
417 568 531 610 mihi
574 566 796 616 credere»;
842 566 971 620 Prop.
1015 566 1048 608 Ι.
1090 567 1159 617 20,
1209 567 1404 609 13—14:
1453 566 1541 608 «Ne
1583 567 1663 609 tibi

159 643 254 686 sit.
282 677 293 686 .
327 677 338 687 .
373 653 576 699 expertos
601 656 777 697 semper
820 642 941 685 adire
981 643 1132 685 lacus»
1165 646 1210 685 et
1246 643 1324 685 III.
1370 645 1407 693 3,
1450 645 1536 686 41:
1569 643 1668 686 «Nil

160 721 240 763 tibi
267 722 327 764 sit
350 735 483 764 rauco
508 721 734 776 praeeonia
759 721 948 763 classica
989 734 1129 763 cornu
1166 720 1321 763 Flere»
1330 735 1341 770 ;
1368 719 1446 763 Ov.
1475 721 1524 763 A.
1552 722 1605 763 A.
1631 722 1664 763 L

160 800 274 842 619:
306 798 571 842 «Blanditiis
597 799 800 841 animum
840 799 995 840 furtim
1021 797 1294 853 deprendere
1320 802 1428 840 tunc
1456 799 1558 848 situ
1586 797 1670 841 Sil.

158 875 258 918 Ital.
287 876 397 919 Pun.
430 876 503 918 VI.
529 877 644 919 489:
678 876 815 918 «mihi
842 876 901 917 sit
926 874 1106 930 Stygios
1132 878 1236 917 ante
1265 876 1503 918 intravisse
1528 888 1661 930 pena-

159 957 238 1004 tes,
266 954 391 997 'l'alia
416 967 549 1010 quam
574 954 798 997 videam».

218 1030 269 1073 V.
298 1032 487 1075 25—30.
516 1029 644 1087 Soepe
670 1031 793 1074 velut
816 1043 1026 1088 gemmas
1053 1031 1150 1074 eius
1174 1030 1450 1087 signumque
1484 1030 1668 1087 proba-

158 1119 272 1162 rem,
298 1105 384 1150 Her
422 1120 616 1151 causam
654 1108 846 1151 memini
883 1120 955 1150 me
996 1108 1193 1163 tetiyisse
1230 1120 1440 1163 manum,
1466 1107 1522 1150 ad
1547 1109 1672 1150 hune

159 1183 308 1227 locum
334 1183 494 1227 alludit
518 1183 595 1226 Ov.
623 1183 752 1226 Trist.
780 1184 836 1228 H.
864 1185 1129 1227 451-—452z
1153 1183 1304 1239 «Saepe
1318 1185 1443 1227 velut
1467 1198 1673 1239 gemmas

160 1261 257 1304 eius
282 1263 514 1317 signumve
540 1263 765 1317 probaret,
794 1262 878 1304 Per
915 1267 1097 1305 eausam
1134 1264 1343 1305 meminit
1382 1276 1429 1304 se
1466 1263 1668 1317 tetigisse

159 1351 387 1382 manum».
414 1364 473 1368 —
508 1351 718 1396 yemmas
744 1373 753 1382 .
783 1373 792 1381 .
823 1374 832 1381 .
860 1340 1152 1397 siqnumque,
1189 1353 1389 1395 gemmas
1428 1340 1672 1382 anulorum

159 1417 376 1472 signaque
417 1417 465 1458 in
505 1417 562 1459 iis
604 1430 811 1472 expressa
826 1431 838 1467 ς
881 1418 934 1459 cf.
977 1416 1119 1460 Plaut.
1148 1417 1272 1459 Asin.
1315 1417 1389 1460 IV.
1435 1419 1469 1467 1,
1513 1419 1581 1461 33.
1610 1417 1666 1459 de

157 1494 335 1548 puella:
367 1493 693 1549 «Spectandum
719 1508 776 1536 ne
803 1495 1046 1549 quoiquam
1085 1495 1273 1536 anulum
1312 1495 1387 1537 det
1412 1508 1558 1550 neque
1597 1508 1668 1536 ro-

159 1575 275 1627 get».
302 1596 360 1600 —
380 1571 648 1627 probarem,
690 1571 992 1613 examInarem
1007 1585 1018 1620 ;
1060 1572 1113 1613 ef.
1158 1571 1295 1625 Lygd.
1337 1573 1378 1622 4,
1424 1573 1481 1614 6:
1529 1571 1669 1614 «Vera

160 1651 347 1692 monent
373 1649 526 1690 Tuscis
568 1651 668 1690 exta
706 1647 895 1702 probata
919 1648 1072 1690 viris».
1100 1673 1159 1676 —
1184 1646 1272 1691 Per
1309 1661 1519 1704 causam,
1558 1652 1673 1692 κατὰ

161 1729 377 1785 πρόφασιν,
417 1730 470 1767 ut
493 1725 572 1767 Ov.
598 1725 706 1767 Her.
751 1726 821 1775 20,
871 1726 1130 1768 139-1402
1163 1725 1394 1780 «Dumque
1433 1740 1514 1768 suo
1555 1729 1667 1768 tem-

162 1806 260 1858 ptat
285 1803 521 1846 salientem
547 1801 711 1856 pollice
733 1814 907 1851 venam,
928 1801 1128 1843 Candida
1148 1816 1228 1856 per
1253 1816 1435 1844 eausam
1461 1803 1669 1845 bracchia

163 1894 279 1936 saepe
317 1883 483 1930 tenet»;
510 1882 564 1922 cf.
593 1880 695 1922 Tae.
722 1879 843 1921 Hist.
870 1879 904 1920 Ι.
934 1879 1016 1921 71:
1050 1892 1152 1933 «per
1188 1881 1427 1934 speeiem».
1454 1905 1512 1908 -
1539 1878 1673 1935 Saepe

163 1970 287 2001 mero
314 1969 529 2000 somnum
548 1957 709 2013 peperi
734 1956 835 2010 tibi,
860 1960 911 1998 ut
938 1955 1016 1998 Ov.
1044 1956 1141 1998 Am.
1169 1957 1202 1998 L
1230 1958 1270 2006 4,
1300 1958 1370 1999 52.
1399 1957 1452 1999 de
1478 1957 1667 1999 marito:

169 2035 398 2089 «Dumque
436 2034 560 2082 bibit,
589 2034 756 2083 furtim,
785 2034 822 2075 si
848 2035 990 2087 potes,
1020 2031 1131 2074 adde
1169 2046 1386 2076 merum».
1414 2059 1473 2062 ——
1498 2031 1672 2076 Sobria

164 2148 173 2156 .
203 2148 211 2156 .
242 2148 251 2156 .
275 2112 461 2170 pocula,
486 2111 591 2165 quia
618 2124 731 2165 aqua
757 2113 929 2160 inerat;
956 2111 1009 2152 cf.
1038 2110 1156 2152 infra
1173 2111 1229 2152 H.
1255 2112 1290 2160 l,
1307 2112 1393 2153 46:
1418 2111 1669 2166 «Mixtaque

165 2205 320 2235 securo
348 2195 416 2233 est
452 2190 601 2233 sobria
638 2190 823 2245 lympha
859 2202 1028 2231 mero».
1055 2188 1279 2230 Tibullum
1318 2189 1521 2230 imitatur
1559 2187 1669 2231 Stat.

165 2268 274 2311 Silv.
299 2267 348 2310 V.
383 2269 418 2317 1,
451 2268 528 2309 121
550 2283 560 2309 ε
593 2265 723 2320 «Ipsa
747 2265 885 2320 dapes
911 2265 1111 2307 modicas
1139 2268 1183 2306 et
1210 2265 1358 2307 sobria
1395 2267 1557 2320 pocula
1581 2269 1668 2307 tra-

165 2346 271 2388 dit».
300 2370 357 2374 -—
385 2343 624 2401 supposita
650 2378 659 2386 .
689 2378 697 2386 .
728 2378 736 2386 .
767 2355 909 2399 aqua,
946 2344 1099 2385 furtim
1139 2344 1301 2385 infusa.
1329 2368 1387 2372 —
1426 2343 1584 2399 victor,
1620 2345 1670 2386 in

165 2424 408 2466 certamine
435 2420 628 2465 bibendi.
657 2446 714 2450 —
735 2420 842 2464 Non
867 2456 877 2464 .
908 2454 919 2463 .
945 2455 955 2464 .
978 2420 1199 2477 prudens,
1224 2435 1317 2463 non
1343 2422 1562 2472 consulto,
1592 2421 1672 2465 sed

165 2503 315 2543 mente
353 2499 409 2542 ab
435 2501 596 2542 Amore
634 2498 841 2548 turbata;
883 2500 937 2540 ef.
966 2512 1102 2552 supra
1132 2499 1165 2540 Ι.
1196 2500 1235 2548 2,
1266 2499 1347 2541 37:
1381 2497 1451 2540 «Si
1490 2499 1588 2554 quis
1627 2503 1672 2541 et

165 2576 427 2632 imprudens
454 2576 697 2631 aspexerit»
729 2579 775 2618 et
799 2575 900 2617 adn.
929 2575 986 2617 ad
1010 2576 1052 2618 h.
1081 2576 1109 2617 l.

225 2653 275 2696 V.
304 2654 492 2697 31-36.
512 2650 596 2696 me
621 2665 700 2708 eqo
728 2665 833 2695 sum
859 2686 867 2694 .
896 2686 905 2694 .
935 2686 944 2694 .
975 2650 1186 2696 Instabat
1214 2654 1308 2696 tota
1334 2653 1410 2696 cui
1435 2655 1516 2695 tua
1543 2654 1671 2694 nocte

169 2731 315 2787 canis,
340 2731 396 2774 ad
422 2732 541 2773 hunc
575 2731 724 2772 locum
763 2729 924 2772 alludit
949 2729 1025 2772 Ov.
1054 2730 1182 2772 Trist.
1210 2730 1266 2772 IL
1294 2731 1408 2772 459:
1443 2729 1569 2778 «Scit,
1600 2728 1671 2769 cui
