1942 3132
781 221 840 251 u>
851 220 890 250 -1.
914 218 948 258 7,
974 217 1141 248 55—58.
1647 203 1717 239 193

212 342 494 387 venerabilis,
521 365 579 371 ——
604 338 900 382 monumenta
940 336 1042 391 vim,
1082 336 1294 390 intellege
1335 335 1454 376 viam
1493 335 1714 385 Latinam,

211 425 310 476 qiiae
337 433 361 463 a
387 421 517 475 porta
543 417 723 472 Capena
758 416 878 458 inter
916 413 1131 469 oppidum
1157 413 1398 455 Tasculum
1437 416 1480 454 et
1517 414 1717 454 montem

213 499 439 541 Albanum
464 495 650 539 ducebat
674 506 816 548 usque
844 491 900 535 ad
925 491 1187 542 Casilinum,
1214 490 1294 534 ubi
1318 490 1471 532 iuncta
1496 492 1591 531 erat
1617 503 1718 531 cum

212 576 284 618 via
308 574 465 629 Appia.
492 571 704 615 Messalla
727 572 902 625 partem
939 569 1074 612 huius
1100 568 1182 610 viae
1209 566 1495 610 sternendam
1533 567 1714 614 curavit,

213 654 330 694 certe
370 665 421 693 ex
457 649 647 704 pecunia
685 647 947 696 manubiali,
987 647 1078 688 alia
1114 659 1218 700 pars
1244 643 1288 687 C.
1319 643 1512 687 Calvisio
1551 642 1716 685 Sabino

213 729 372 783 obtigit
407 726 653 770 munienda
691 726 760 778 (cf.
790 724 884 768 CIL
910 724 964 768 X.
993 725 1155 776 6895),
1196 723 1270 778 qui
1310 735 1347 764 a.
1377 722 1446 764 028.
1475 735 1512 763 a.
1542 721 1643 764 Chr.
1671 735 1714 763 n.

173 811 175 814 ’
212 805 266 848 de
298 805 519 859 Hispania
556 803 879 857 triumphavit;
918 803 972 844 ef.
1002 799 1122 844 Suet.
1150 801 1260 855 Aug.
1290 801 1371 842 30:
1406 799 1528 851 «Quo
1567 802 1717 840 autem

214 883 388 925 facilius
413 881 610 936 undique
636 880 741 922 urbs
780 879 990 930 adiretur,
1023 879 1260 933 desumpta
1286 878 1371 920 sibi
1395 877 1622 919 Flaminia
1646 877 1719 918 via

215 961 416 1003 Arimino
451 962 584 1002 tenus
621 958 881 1008 munienda,
909 958 1105 1012 reliquas
1144 955 1494 1010 triumphalibus
1519 955 1627 997 viris
1667 968 1718 996 ex

213 1038 459 1080 manubiali
495 1036 688 1092 pecunia
729 1035 992 1078 sternendas
1033 1034 1286 1077 distribuit»
1332 1047 1390 1075 sc.
1431 1031 1715 1075 Octavianus.

216 1114 508 1159 Monumenta
534 1116 750 1156 vocantur
775 1111 927 1155 omnia
953 1125 1088 1167 opera
1125 1111 1305 1166 publica
1341 1109 1590 1165 magnifica,
1621 1123 1717 1164 quae

214 1193 477 1235 memoriam
503 1191 696 1233 auctoris
723 1192 916 1240 servant,
938 1192 988 1231 ut
1013 1189 1194 1243 templa,
1212 1189 1401 1239 theatra,
1419 1188 1528 1238 viae3
1554 1188 1606 1229 cf.
1628 1187 1716 1230 Cic.

214 1269 310 1313 Mil.
343 1270 419 1311 17:
454 1268 524 1310 «in
550 1267 857 1310 monumentis
894 1268 1118 1308 maiorum
1157 1279 1341 1308 suorum
1367 1267 1426 1308 sit
1456 1266 1718 1307 interfectus

214 1345 471 1397 (Clodius)»,
500 1358 557 1387 sc.
586 1346 634 1386 in
659 1345 732 1386 via
758 1345 916 1399 Appia,
944 1357 1078 1399 quam
1115 1343 1286 1398 Appius
1318 1341 1530 1385 Claudius
1567 1342 1717 1384 Caecus

214 1422 465 1465 faciendam
505 1422 686 1464 curavit.
731 1421 991 1464 Clarissima
1037 1424 1187 1463 autem
1231 1423 1326 1462 erat
1366 1421 1439 1462 via
1478 1419 1717 1469 Messallae,

213 1514 349 1563 quare
387 1499 579 1542 Martial.
619 1499 769 1554 Epigr.
796 1498 914 1541 VIII.
958 1499 997 1548 3,
1037 1500 1071 1540 5
1088 1499 1153 1540 -7
1170 1513 1180 1539 ε
1213 1498 1294 1539 «Et
1318 1511 1420 1539 cum
1458 1500 1591 1552 rupta.
1629 1498 1717 1539 situ

212 1578 435 1620 Messallae
477 1591 580 1619 saxa
620 1577 872 1624 iacebunt»,
916 1576 1048 1618 Hunc
1095 1577 1246 1625 locum
1287 1575 1453 1617 Tibulli
1497 1575 1717 1629 respicere

213 1656 389 1698 videtur
412 1655 505 1698 IuV.
535 1653 623 1697 Sat.
651 1654 701 1697 V.
730 1656 811 1697 55:
846 1654 1056 1697 «Clivosae
1083 1653 1259 1695 veheris
1297 1653 1404 1694 dum
1441 1666 1522 1706 per
1556 1666 1717 1694 monu-

214 1735 367 1775 menta
390 1732 606 1782 Latinae»,
635 1733 663 1774 i.
689 1746 724 1774 e.
744 1732 838 1773 viae.
859 1757 916 1760 —r
934 1744 1069 1788 quem·
1102 1729 1299 1774 Tuscula
1326 1730 1483 1773 tellus.
1506 1765 1514 1772 .
1536 1765 1543 1772 .
1566 1729 1714 1772 Alba-

215 1821 300 1864 que
326 1843 335 1851 .
365 1843 374 1851 .
406 1843 414 1851 .
443 1808 626 1863 detinet,
651 1808 947 1850 delectatione
980 1807 1182 1862 quadam,
1212 1807 1473 1850 amoenitate
1499 1819 1580 1848 sua
1605 1806 1716 1847 deti·

214 1888 316 1935 net;
343 1887 490 1940 agitur
515 1887 636 1929 enim
675 1885 729 1927 de
755 1885 967 1927 divitibus
1004 1884 1234 1933 Romanis,
1263 1884 1339 1939 qui
1364 1883 1494 1925 villas
1520 1883 1580 1924 ibi
1614 1882 1716 1925 aedi-

213 1963 418 2006 ficabant.
458 1962 522 2006 Cf.
550 1963 677 2018 Verg.
706 1964 813 2005 Aen.
853 1962 924 2004 IV.
955 1963 1203 2004 347-—348.
1244 1961 1297 2003 de
1334 1961 1536 2003 Didone:
1572 1961 1634 2002 «si
1673 1964 1717 2003 te

214 2040 503 2096 Kartha-ginis
536 2053 659 2082 arces
697 2040 976 2082 Phoenissam
1002 2039 1265 2093 Libycaeque
1305 2040 1509 2092 aspectus
1547 2038 1718 2081 detinet

214 2118 378 2160 urbis».
406 2118 514 2160 Erat
539 2121 688 2160 autem
714 2118 787 2159 via
824 2120 964 2159 strata
988 2115 1045 2158 ad
1070 2116 1227 2158 urbem
1265 2115 1431 2158 ducens
1469 2116 1537 2165 iis,
1566 2115 1642 2169 qui
1667 2115 1716 2157 in

214 2209 321 2250 agro
338 2195 588 2238 Tusculano
616 2198 659 2237 et
683 2195 733 2236 in
758 2197 910 2236 monte
927 2194 1098 2236 Albano
1117 2194 1248 2235 villas
1265 2193 1502 2243 habebant,
1520 2193 1715 2235 maximo

214 2263 475 2321 commodo;
513 2274 709 2313 ceterum
747 2271 844 2326 ipse
869 2271 1095 2326 Augustus
1133 2274 1245 2313 teste
1279 2253 1398 2312 Suet.
1426 2271 1534 2325 Aug.
1565 2271 1632 2312 30.
1662 2283 1717 2312 eo

214 2349 402 2392 consilio
428 2350 523 2391 vias
551 2349 816 2391 sternendas
841 2349 1024 2398 curavit,
1053 2350 1127 2390 ut:
1161 2348 1360 2390 «facilius
1386 2347 1582 2402 undique
1608 2347 1716 2389 urbs

214 2426 452 2469 adiretur».
481 2451 538 2455 —
573 2424 782 2480 Tuscula,
807 2426 984 2480 poetica
1011 2425 1214 2468 adiectivi
1242 2426 1386 2467 forma
1416 2438 1522 2479 pro:
1550 2424 1714 2466 Tuscu-

213 2505 330 2546 lana.
359 2529 417 2533 —
446 2502 748 2560 Candidaque
774 2538 789 2546 -
813 2539 822 2546 .
853 2538 861 2547 .
891 2503 1028 2558 Alba,
1063 2506 1247 2559 propter
1272 2504 1403 2545 villas
1439 2515 1714 2544 marmoreas

213 2582 303 2623 late
330 2581 571 2623 candentes
598 2582 646 2623 in
671 2584 826 2623 monte
852 2581 1052 2632 Albano;
1079 2584 1132 2624 cf.
1160 2582 1268 2624 Hor.
1296 2581 1434 2635 Epod.
1459 2582 1494 2630 1,
1514 2581 1711 2622 29—30:

220 2658 394 2713 ·Neque
436 2661 487 2700 ut
528 2659 711 2712 superni
752 2658 860 2700 villa
899 2658 1095 2701 candens
1136 2659 1312 2700 Tusculi
1355 2657 1519 2700 Circaea
1559 2659 1714 2709 tangat

213 2735 403 2778 moenia»
448 2739 491 2777 et
528 2735 656 2790 Prop.
683 2734 762 2777 ΠΙ.
796 2736 862 2786 16,
890 2736 1029 2778 2—-3:
1063 2735 1246 2778 ·Tibure
1273 2768 1282 2777 .
1311 2769 1320 2777 .
1350 2768 1360 2777 .
1390 2732 1587 2777 Candida
1627 2746 1715 2786 qua

285 2829 462 2864 Ne’vnahy:
480 2830 564 2857 Αιῡει·
585 2829 704 2857 ‘nouus
723 2830 878 2858 carmina
1528 2816 1568 2850 13
