1942 3132
874 240 924 270 11.
955 239 987 269 1.

236 354 354 399 Rure
380 371 495 412 puer
518 370 656 400 verno
681 358 879 413 primum
905 357 958 400 de
984 357 1095 400 flore
1121 372 1335 401 coronam

196 429 207 436 ”
295 433 422 477 Fecit
447 438 492 477 et
518 435 716 491 antiquis
741 436 959 490 imposuit
985 436 1191 479 Laribus.

237 510 355 553 Rure
385 512 522 554 etiam
547 513 716 555 teneris
743 526 896 555 curam
923 514 1177 556 exhibitura
1201 515 1366 569 puellis

300 587 440 631 Molle
466 589 582 644 gerit
606 593 731 645 tergo
757 590 906 633 lucida
930 591 1076 633 vellus
1102 592 1211 635 ovis.

237 665 357 708 Hinc
384 668 428 708 et
454 666 676 710 femineus
701 667 830 710 labor
855 670 934 716 est,
963 668 1070 710 hinc
1095 682 1239 723 pensa
1265 670 1490 724 colusque,

298 743 446 786 Fusus
472 748 517 786 et
543 745 750 799 apposito
774 745 940 800 pollice
965 748 1116 788 vereat
1142 760 1281 801 opus:

236 822 380 876 Atque
409 822 560 877 aliqua.
586 821 782 871 adsiduae
807 823 969 865 textrix
995 827 1180 878 operata.
1206 823 1421 867 Minervae

300 899 463 942 Cantat
490 902 535 942 et
559 900 777 955 appla-uso
804 901 895 943 tela
921 903 1054 944 sonat
1079 901 1233 944 latere.

238 976 340 1031 Ipse
366 990 543 1032 quoque
568 977 689 1020 inter
709 989 845 1032 'agros
870 977 1076 1033 interque
1102 984 1310 1022 armenta,
1335 979 1509 1034 Cupido

300 1054 442 1098 Natus
469 1058 514 1097 et
538 1054 783 1098 indomitas
809 1056 973 1098 dicitur
999 1057 1118 1099 inter
1143 1071 1293 1112 equas.

238 1130 336 1172 Illic
362 1130 542 1174 indocto
568 1132 768 1186 primum
795 1146 841 1175 se
869 1134 1066 1176 exercuit
1092 1147 1222 1176 arcu:

299 1208 352 1250 Ei
378 1209 504 1258 mihi,
534 1222 668 1264 quam
694 1209 848 1253 doctas
873 1225 994 1253 nunc
1021 1212 1156 1254 habet
1180 1211 1258 1254 ille
1285 1213 1472 1254 manus!

240 1285 329 1328 Nec
355 1286 562 1341 pecudes,
589 1288 714 1330 velut
739 1290 859 1338 ante,
886 1289 1025 1343 petit:
1052 1288 1200 1344 fixisse
1228 1290 1404 1344 puellas

301 1363 448 1407 Gestit
475 1367 519 1407 et
545 1364 735 1408 audaces
762 1366 1074 1420 perdomuisse
1099 1367 1233 1409 viros.

240 1441 328 1483 Hic
353 1442 506 1484 iuveni
533 1441 724 1484 detraxit
749 1456 871 1498 opes,
899 1444 973 1485 1110
1000 1443 1306 1486 dicereiussit

222 1559 225 1561 .
300 1519 461 1562 Limen
487 1519 544 1562 ad
569 1521 694 1562 iratae
719 1521 855 1570 verba.
880 1520 1092 1576 pudenda
1118 1535 1299 1564 senem:

241 1597 340 1640 Hoc
364 1598 477 1640 duce
502 1597 711 1640 custodes
738 1599 894 1640 furtim
919 1602 1201 1654 transgressa.
1224 1599 1424 1642 iacentes

301 1676 367 1718 Ad
392 1677 602 1719 iuvenem
627 1666 825 1719 tenebris
853 1678 950 1720 sola
975 1679 1128 1732 puella
1152 1678 1277 1721 venit

242 1757 298 1800 Et
323 1757 513 1812 pedibus
538 1758 821 1811 praetemptat
846 1756 934 1798 iter
959 1769 1179 1810 suspensa
1204 1757 1381 1806 timore,

302 1834 517 1888 Explorat
541 1846 681 1875 caecas
708 1833 780 1874 0111
805 1846 969 1874 manus
997 1835 1100 1874 ante
1127 1833 1236 1874 vias.

245 1911 281 1951 A
306 1910 474 1959 miseri,
502 1923 614 1964 quos
641 1910 714 1951 hic
739 1909 934 1963 graviter
959 1910 1069 1952 deus
1093 1910 1248 1963 urget!
1276 1910 1332 1951 At
1358 1910 1434 1951 ille

303 1986 440 2036 Felix,
468 1987 541 2028 cui
566 1986 770 2040 placidus
795 1987 960 2029 leniter
984 1986 1122 2029 adflat
1146 1987 1296 2029 Amor.

245 2063 419 2113 Sancte,
447 2065 551 2107 veni
578 2063 767 2119 dapibus
793 2064 932 2114 festis,
961 2064 1040 2106 sed
1064 2077 1182 2118 pone
1209 2065 1396 2118 sagittas

304 2142 362 2184 Et
384 2142 542 2196 procul
569 2141 778 2184 ardentes
804 2141 909 2183 hinc
935 2154 1093 2196 precor
1118 2140 1231 2183 abde
1259 2142 1389 2184 faces.

245 2219 336 2264 Vos
361 2220 584 2262 celebrem
610 2221 787 2260 cantate
814 2218 949 2260 deum
974 2219 1213 2273 pecorique
1241 2221 1395 2260 vocate

305 2297 448 2340 Voce:
476 2298 627 2352 palam
652 2296 817 2351 pecori,
846 2297 962 2339 clam
989 2296 1073 2338 sibi
1100 2296 1288 2350 quisque
1314 2298 1472 2339 vocet.⁴

245 2377 334 2418 Aut
360 2376 497 2418 etiam
524 2374 609 2417 sibi
636 2375 823 2429 quisque
849 2374 1025 2429 palam:
1053 2387 1160 2416 nam
1185 2373 1318 2416 turba
1342 2374 1494 2416 iocosa

307 2452 534 2508 Obstrepit
562 2455 606 2494 et
630 2452 824 2506 Phrygio
849 2452 960 2494 tibia
985 2465 1122 2494 curva
1148 2464 1272 2494 sono.

248 2531 435 2574 Ludite:
462 2531 553 2573 iam
582 2529 678 2572 Nox
702 2529 849 2584 iungit
876 2542 1026 2584 equos,
1055 2542 1322 2584 currumque
1350 2531 1600 2583 sequuntur

307 2608 466 2651 Matris
492 2607 659 2649 lascivo
687 2604 834 2648 sidera
859 2606 983 2648 fulva
1008 2606 1158 2655 choro,

249 2686 441 2740 Postque
467 2684 592 2727 venit
617 2683 780 2725 tacitus
807 2683 947 2725 furvis
972 2682 1274 2725 circumdatus
1300 2682 1384 2724 alis

310 2762 505 2806 Somnus
532 2764 576 2804 et
603 2762 774 2803 incerto
801 2757 987 2803 Somnia
1009 2760 1141 2814 nigra
1165 2759 1291 2815 pede.

1643 227 1684 263 41

1725 458 1764 483 60

1727 845 1766 869 65

1729 1232 1768 1256 70

1731 1618 1769 1642 75

1732 2004 1771 2029 80

1732 2391 1770 2415 85

1732 2777 1771 2800 190
