1942 3132
756 219 814 249 u>
833 217 891 248 ιν.
913 217 950 257 4,
974 217 1138 249 11—22.
1624 206 1694 242 229

200 337 335 380 Vesta
358 337 583 380 Detulerit
606 335 735 380 flavis
759 336 809 378 in
834 348 956 378 mare
972 334 1159 390 Thybris
1176 337 1327 392 aquis»
1351 341 1395 379 et
1411 338 1520 380 ibid.
1549 339 1695 381 713—

201 415 313 458 714:
346 414 476 458 fflaeo
501 417 569 457 est
592 414 673 458 illa
697 413 806 463 dies,
846 427 934 469 qua
964 417 1014 457 tu
1038 415 1306 470 purgamina
1330 415 1488 466 Vestae,
1514 415 1692 470 Thybri,

198 504 279 545 per
302 490 511 533 Etruscas
536 491 586 533 in
610 503 732 533 mare
757 491 901 533 mittis
927 504 1110 546 aquas».
1135 516 1194 520 —
1219 503 1423 547 sapores,
1439 505 1568 534 sucos
1594 492 1693 534 her-

199 567 355 610 barum
379 567 638 617 salubrium,
664 570 715 610 ut
740 567 876 610 etiam
901 568 1056 610 vinum
1079 582 1130 610 ex
1152 568 1251 610 uvis
1278 581 1533 623 expressum
1554 581 1696 624 sapor

198 645 459 688 nominatur
483 657 618 699 supra
642 644 678 687 Ι.
705 645 746 694 7,
775 646 858 695 35;
884 657 1071 701 sapores
1098 645 1304 688 nominat
1330 645 1491 688 herbas
1517 659 1694 701 sapora-

197 725 266 765 tas
291 721 419 776 Verg.
447 720 525 764 Ge.
551 721 626 764 IV.
653 722 854 765 62—63:
889 722 1001 764 «huc
1027 725 1077 764 tu
1103 722 1250 765 iussos
1275 736 1460 778 asperge
1499 737 1692 778 sapores,

197 799 318 842 Trita
356 799 647 853 melisphylla
683 802 728 841 et
765 799 978 842 cerinthae
1020 799 1219 854 ignobile
1258 813 1468 855 gramen»
1507 804 1553 843 et
1588 800 1694 844 ibid.

199 877 310 920 267:
355 875 581 918 «Proderit
619 879 662 918 et
699 876 827 931 gallae
858 879 1044 920 tunsum
1083 878 1324 920 admiscere
1362 891 1611 932 saporem».
1635 903 1695 908 —-

199 955 377 1004 cantus,
411 954 585 1008 magici,
614 956 664 995 ut
690 967 824 1009 supra
854 954 889 997 Ι.
929 955 969 1003 5,
1002 955 1080 997 12:
1114 954 1344 998 «Carmine
1381 969 1483 997 cum
1520 956 1694 1010 magico

197 1030 506 1085 praecinuisset
542 1043 712 1080 anus»;
750 1031 806 1073 cf.
841 1031 943 1073 adn.
983 1032 1039 1074 ad
1077 1032 1121 1074 h.
1159 1032 1189 1074 1.
1227 1057 1286 1061 -
1326 1044 1522 1089 corpora
1553 1033 1693 1089 sessa,

198 1107 367 1150 eisdem
390 1108 539 1151 verbis
565 1108 709 1150 utitur
734 1121 870 1163 supra
896 1106 1095 1163 Sulpicia
1118 1109 1192 1151 IV.
1224 1111 1289 1161 11,
1333 1111 1384 1152 2:
1418 1110 1568 1162 «Quod
1594 1124 1695 1153 mea

196 1198 316 1227 nunc
340 1189 468 1228 vexat
493 1198 682 1239 corpora
707 1186 826 1228 fessa
851 1186 1015 1228 calor».
1041 1184 1198 1236 Fessa,
1219 1200 1277 1229 sc.
1296 1187 1464 1238 morbo,
1489 1191 1538 1230 ut
1561 1201 1694 1243 supra

192 1262 228 1305 L
255 1265 294 1313 5,
323 1264 376 1306 9:
409 1277 533 1305 «cum
560 1263 676 1305 tristi
703 1263 857 1306 morbo
884 1262 1059 1306 defessa
1084 1264 1276 1306 iaceres»
1298 1280 1308 1314 ;
1336 1265 1500 1318 levant,
1517 1268 1568 1308 ut
1582 1265 1692 1308 Hor.

194 1339 337 1383 Carm.
365 1354 462 1383 saec.
489 1341 680 1383 63—64.
719 1340 772 1383 de
798 1341 1033 1396 Apolline:
1083 1340 1198 1393 «Qui
1221 1342 1406 1384 salutari
1444 1343 1562 1384 levat
1599 1346 1692 1385 arte

193 1419 334 1460 fessos
360 1418 569 1472 Corporis
599 1421 764 1460 artus».

250 1494 302 1537 V.
333 1496 520 1538 11—14.
559 1495 674 1551 fata,
713 1499 917 1544 mortem,
957 1498 1007 1538 ut
1041 1496 1170 1550 Verg.
1215 1495 1294 1539 Ge.
1330 1496 1387 1539 H.
1425 1497 1692 1540 491-—492:

198 1572 365 1627 «Atque
390 1575 537 1614 metus
560 1586 718 1615 omnes
745 1575 790 1615 ct
816 1573 1090 1616 inexorabile
1117 1575 1258 1616 fatum
1286 1573 1482 1617 Subiecit
1505 1574 1692 1629 pedibus

194 1649 518 1705 strepitumque
545 1651 810 1693 Acherontis
837 1651 982 1693 avari»
1015 1655 1058 1693 et
1082 1651 1192 1693 Hor.
1220 1651 1365 1694 Carm.
1391 1651 1449 1694 H.
1480 1653 1545 1702 13,
1579 1653 1690 1695 14—

197 1726 274 1768 16:
327 1727 504 1768 «navita
543 1726 793 1780 Bosporum
833 1727 1016 1782 Thynus
1059 1728 1356 1781 perhorrescit
1391 1742 1535 1783 neque
1572 1729 1692 1771 ultra

195 1803 318 1846 Caeca
355 1803 484 1844 timet
522 1803 703 1845 aliunde
743 1804 877 1845 fata».
917 1828 975 1832 —
1026 1802 1228 1859 Votaque
1260 1817 1348 1859 pro
1385 1803 1576 1848 domina
1612 1805 1693 1848 vix

191 1879 483 1923 numeranda
509 1881 637 1936 facit,
662 1883 713 1922 ut
744 1880 946 1922 Tibullus
973 1894 1052 1935 pro
1090 1880 1220 1922 Delia
1247 1895 1381 1936 supra
1404 1881 1441 1923 Ι.
1479 1883 1520 1931 5,
1554 1883 1621 1924 10.
1648 1886 1691 1924 et

197 1958 382 2000 15—16.
413 1983 467 1986 -
494 1956 615 2000 Dicit
642 1957 692 2000 in
717 1960 911 2000 oeternos
950 1969 1114 2013 aspera
1151 1957 1290 2001 verba
1321 1956 1443 2011 deos,
1468 1961 1519 2000 ut
1555 1972 1690 2013 supra

190 2034 226 2076 1.
255 2036 293 2083 3,
322 2036 403 2076 52³:
438 2034 582 2076 «dicta
606 2035 655 2076 in
681 2037 858 2076 sanctos
881 2035 1025 2089 impia
1047 2035 1184 2076 verba
1221 2035 1383 2085 deos»;
1421 2036 1476 2077 cf.
1503 2036 1606 2079 adn.
1633 2036 1690 2079 ad

193 2111 237 2153 h.
262 2111 293 2153 1.
320 2115 363 2153 et
388 2111 526 2166 Lygd.
545 2113 584 2160 5,
611 2112 687 2154 14:
721 2111 890 2166 «Impia
904 2111 953 2152 in
970 2111 1180 2154 adversos
1206 2113 1420 2155 solvimus
1443 2126 1520 2155 ora
1535 2114 1688 2157 deos».

192 2212 250 2216 —
276 2190 482 2240 aeternos,
508 2188 797 2237 immortales,
820 2191 870 2230 ut
895 2188 1012 2230 infra
1037 2187 1093 2230 11.
1122 2190 1161 2240 3,
1190 2190 1259 2231 30.

251 2264 302 2306 V.
335 2266 518 2313 15-16,
548 2266 736 2314 21—22,
770 2266 957 2308 17—18.
984 2264 1109 2308 laedit
1132 2268 1357 2319 amantes,
1384 2267 1539 2310 eadem
1554 2268 1689 2311 verba

192 2341 241 2384 in
266 2340 354 2383 fine
382 2341 627 2383 hexametri
653 2342 782 2397 Prop.
819 2341 899 2384 ΠΙ.
932 2342 997 2392 16,
1042 2343 1119 2384 11:
1160 2342 1271 2384 «Nec
1297 2345 1449 2386 tamen
1476 2347 1543 2386 est
1569 2345 1687 2399 quis-

192 2431 338 2473 quam,
368 2432 517 2460 sacros
533 2420 607 2473 qui
635 2419 766 2461 laedat
783 2422 1029 2461 amantes».
1057 2444 1114 2447 —
1141 2419 1328 2469 tristior,
1347 2420 1473 2470 irata,
1492 2425 1542 2464 ut
1557 2422 1686 2477 Prop.

191 2495 226 2537 I.
259 2497 299 2545 6,
348 2497 424 2538 1οε
459 2495 563 2537 «illa
602 2496 816 2548 minatur,
855 2496 961 2549 Quae
1001 2496 1118 2539 solet
1152 2497 1329 2551 ingrato
1367 2499 1506 2541 tristis
1546 2501 1688 2542 amica

189 2571 309 2614 viro»
342 2575 385 2614 et
410 2572 444 2614 I.
478 2574 540 2622 10,
571 2573 652 2614 021:
686 2572 775 2614 «Tu
799 2586 916 2622 cave,
944 2586 1001 2614 ne
1024 2573 1142 2615 tristi
1167 2574 1322 2627 cupias
1347 2588 1546 2629 pugnare
1559 2577 1685 2631 puel-

190 2647 287 2690 lue..
314 2673 371 2677 —
397 2647 610 2698 candida,
641 2649 786 2702 agitur
816 2649 870 2691 de
896 2649 1088 2692 candore
1114 2650 1279 2692 animi:
1320 2652 1494 2694 sincera
1520 2657 1683 2703 mente,

189 2737 294 2767 vero
323 2726 461 2768 animi
489 2725 673 2775 affectu;
700 2726 756 2768 cf.
787 2726 897 2769 Hor.
923 2727 1063 2783 Epod.
1104 2730 1168 2779 14,
1197 2730 1249 2771 5:
1295 2729 1504 2773 «candide
1530 2730 1684 2772 Maece-
