1942 3132
742 231 798 261 An
819 232 850 261 1.
873 230 910 270 6,
935 229 1101 261 15—20.
1611 220 1677 255 171

171 350 279 391 tunc
316 349 454 393 tacito
491 350 662 394 vertere
691 360 831 405 posse
867 348 1007 406 fores,
1042 349 1095 391 cf.
1139 361 1273 404 supra
1308 349 1343 391 L
1370 352 1413 400 2,
1446 352 1525 394 10:
1557 351 1679 395 «Neu

172 425 325 468 furtim
349 439 480 470 verso
505 425 684 468 cardine
709 427 866 480 aperta
891 438 1068 468 sones».
1085 439 1143 454 ·—
1168 424 1293 469 Tunc
1318 438 1450 470 sucos
1481 427 1676 471 herbas-

172 515 259 558 que
284 501 405 559 dedi,
429 503 534 560 quis
575 503 691 547 livor
728 501 891 558 abiret,
922 502 1066 556 Quem
1103 503 1216 560 facit
1253 503 1475 560 impresso
1514 508 1678 550 mutua

171 578 300 623 dente
334 579 500 636 Venus,
537 580 594 623 ad
629 580 751 623 hunc
788 580 937 623 locum
977 580 1138 624 alludit
1175 581 1253 624 Ov.
1288 581 1416 624 Trisiz.
1444 582 1500 624 H.
1527 584 1676 625 455<-

170 658 284 700 456:
317 657 397 700 «Et
421 658 582 713 quibus
607 671 630 700 e
657 658 776 700 sucis
812 658 942 700 abeaiz
980 657 1034 700 de
1072 671 1258 713 corpore
1295 658 1422 709 livor,
1449 659 1678 714 Impresso

170 733 267 776 fieri
305 736 381 790 qui
419 735 532 778 solet
571 748 659 785 ore,
698 735 870 778 docet».
900 733 964 778 Cf.
993 731 1121 790 Prop’.
1150 734 1228 777 ΙΠ.
1258 736 1298 786 8,
1328 736 1531 779 21—22:
1564 736 1676 778 «Im-

169 823 318 853 morso
344 811 537 866 aequales
560 811 744 854 videant
768 825 871 854 mea
896 811 1086 854 vulnera
1111 811 1254 854 collo:
1280 811 1355 854 Me
1382 811 1537 854 doceat
1562 812 1680 856 livor

168 901 345 930 mecum
372 888 581 931 habuisse
606 902 799 932 meam».
827 914 886 918 —-
913 901 1046 932 sucos
1075 887 1342 946 herbasque,
1366 885 1418 931 u't
1444 889 1522 932 Ov.
1547 889 1673 933 Rem.

169 966 282 1008 528:
306 965 555 1008 «Auxilium
570 966 728 1009 multis
755 980 887 1009 sucus
915 969 960 1008 et
984 966 1124 1008 herba
1150 966 1592 1022 firit».——impresso
1611 1003 1619 1009 .
1636 1002 1670 1010 ..

168 1041 315 1098 dente,
339 1046 390 1086 ut
414 1057 550 1098 supra
573 1043 607 1086 Ι.
637 1044 676 1094 8,
707 1045 789 1086 38:
822 1044 894 1086 «in
932 1044 1049 1087 collo
1086 1043 1222 1098 figere
1254 1043 1388 1086 dente
1413 1047 1588 1087 notas».
1617 1070 1676 1074 —-

167 1122 331 1163 mutua
357 1153 367 1162 .
393 1154 403 1162 .
434 1152 445 1162 .
482 1119 646 1175 Venus,
695 1121 985 1174 cogitandum
1031 1120 1084 1163 de
1122 1122 1354 1176 voluptate
1396 1122 1673 1165 concubit-us.

167 1196 302 1239 Aliud
343 1199 411 1240 est
450 1198 568 1240 infra
607 1212 670 1240 vs.
701 1199 784 1241 76:
818 1197 1028 1240 «Mutuus
1070 1198 1246 1241 absenti
1287 1201 1332 1240 te
1374 1199 1487 1241 mihi
1529 1203 1677 1242 servet

167 1287 333 1316 amor».
361 1273 513 1316 Venus
554 1275 675 1316 enim
714 1274 979 1329 plerumque
1019 1276 1170 1330 ipsum
1209 1275 1508 1325 concubitum,
1550 1288 1677 1318 amor

166 1350 375 1393 affectum
414 1351 555 1393 animi
593 1351 826 1405 significat.
867 1352 930 1394 Cf.
972 1365 1108 1407 supra
1144 1352 1177 1395 Ι.
1219 1353 1259 1403 8,
1301 1354 1383 1395 35:
1417 1352 1498 1394 «At
1522 1352 1677 1395 Venus

164 1426 366 1470 inveniet
388 1441 530 1483 puero
556 1429 850 1471 concumbere
877 1430 1077 1479 furtim»,
1106 1429 1209 1472 ibid.
1239 1431 1323 1473 57:
1357 1430 1497 1472 «Nota
1521 1430 1677 1473 Venus

166 1505 330 1547 furtiva.
366 1506 479 1548 mihi
519 1508 630 1556 θείης
656 1507 689 1549 L
719 1508 759 1556 9,
789 1508 872 1550 76:
906 1507 1150 1550 «Venerem
1187 1507 1417 1562 iungere»;
1457 1509 1574 1550 infra
1599 1508 1672 1550 IV.

167 1578 317 1636 3,'18:
349 1582 560 1625 «Veneris
601 1583 772 1638 cupidae
813 1583 1001 1638 gaudia»
1035 1588 1078 1626 et
1119 1584 1192 1627 IV.
1239 1586 1303 1635 13,
1333 1587 1386 1628 2:
1420 1586 1541 1628 «Hoc
1583 1587 1675 1641 pri-

165 1671 289 1701 mum
315 1660 466 1702 iuncta
495 1663 562 1703 est
587 1660 751 1703 foedere
777 1664 932 1703 nostra
958 1661 1152 1704 Venus».

226 1735 275 1778 V.
308 1738 493 1779 15—20.
521 1736 582 1780 At
609 1740 673 1792 tu,
697 1738 884 1794 fallacis
926 1739 1132 1781 conium
1169 1739 1353 1782 incaute
1384 1740 1571 1796 puellae,
1605 1739 1675 1783 Me

166 1825 346 1869 quoque
369 1816 565 1870 servato,
583 1817 736 1870 peccet
761 1817 812 1857 ut
836 1815 922 1858 illa
947 1814 1083 1870 nihil,
1110 1816 1164 1858 ad
1191 1817 1312 1858 hunc
1337 1816 1487 1858 locum
1513 1817 1677 1860 alludit

167 1889 243 1932 Ov.
271 1890 399 1933 Trist.
427 1891 483 1934 IL
509 1893 776 1935 457-458:
808 1892 1035 1947 «Denique
1062 1893 1116 1935 ab
1143 1894 1324 1936 incauto
1350 1895 1543 1936 nimium
1559 1896 1674 1949 petit

165 1968 243 2010 ille
269 1969 444 2018 marito,
473 1967 528 2011 Se
554 1982 729 2023 quoque
767 1970 833 2011 uti
872 1972 1028 2020 servet»,
1057 1973 1208 2024 peccet
1245 1974 1296 2012 ut
1321 1971 1401 2013 illa
1426 1971 1584 2014 nihil».
1614 1997 1672 2002 ——

164 2045 352 2102 fallacis
391 2045 598 2089 coniunx
632 2046 818 2089 incaute
849 2046 1036 2102 puellae,
1074 2048 1127 2089 cf.
1172 2046 1250 2089 Ov.
1277 2048 1373 2090 Am.
1402 2048 1458 2090 H.
1492 2049 1557 2097 19,
1588 2050 1671 2092 37:

171 2122 251 2164 «At
276 2125 327 2165 tu
351 2123 557 2165 formosae
582 2123 775 2165 nimium
802 2136 953 2166 secure
979 2124 1184 2179 puellae».
1213 2150 1271 2154 —-
1296 2127 1490 2180 servato,
1523 2131 1670 2169 custo-

165 2199 274 2242 dito.
299 2224 358 2228 ——
384 2199 569 2243 iuvenes
596 2199 785 2243 celebret
810 2200 955 2244 multo
982 2214 1206 2256 sermone,
1231 2216 1289 2244 ne
1315 2204 1479 2258 saepius
1505 2202 1671 2258 diuque

166 2276 477 2319 confabuletur
515 2290 616 2318 cum
663 2277 926 2327 iuvenibus:
968 2277 1197 2322 celebrare
1243 2280 1453 2322 iteratum
1500 2280 1671 2323 aditum

165 2353 410 2408 significat:
439 2355 731 2409 frequentare,
759 2357 810 2397 ut
829 2368 966 2410 supra
989 2356 1023 2399 L
1050 2357 1092 2405 4,
1122 2358 1203 2400 75:
1227 2371 1329 2400 «vos
1355 2371 1426 2400 me
1451 2357 1671 2401 celebrate

163 2432 474 2486 magistmm-;
514 2433 566 2474 cf.
608 2432 708 2475 adn.
737 2432 794 2475 ad
821 2434 863 2476 h.
890 2433 920 2476 l.
948 2459 1007 2464 —
1032 2434 1179 2490 cubet,
1204 2449 1262 2478 sc.
1291 2436 1339 2477 in
1365 2436 1583 2478 convivio.
1613 2460 1670 2464 —

166 2508 278 2552 laxo
297 2511 460 2566 pectus
486 2511 648 2565 aperta
672 2509 795 2565 sinu,
818 2510 966 2552 locum
993 2511 1196 2555 imitatur
1221 2511 1298 2554 Ov.
1326 2511 1431 2554 Her.
1466 2514 1530 2562 15,
1566 2514 1670 2555 122:

171 2599 317 2628 «eram
341 2587 489 2629 lacero
526 2590 681 2641 pectus
720 2590 874 2642 aperta
911 2589 1037 2630 sinu»
1070 2591 1114 2631 et
1138 2589 1258 2632 Fast.
1285 2589 1319 2631 I.
1347 2591 1461 2632 408:
1495 2590 1672 2632 «Altera

166 2660 338 2705 dissuto
375 2666 531 2717 pectus
569 2666 723 2716 aperta
760 2664 908 2714 sinu-3
945 2666 998 2708 cf.
1042 2666 1178 2708 etiam
1216 2666 1293 2709 Ov.
1321 2666 1426 2709 Her.
1462 2668 1525 2717 16,
1557 2668 1668 2709 0247:

172 2738 375 2782 cProdita
400 2743 507 2782 sunt
530 2739 748 2792 (memini)
772 2740 926 2783 tunica
950 2743 1029 2785 tua
1053 2746 1235 2797 pectora
1266 2743 1410 2793 laxam
1438 2744 1563 2796 Prop.
1593 2742 1665 2785 IV.
