1942 3132
772 250 829 279 u>
849 250 880 280 1.
902 248 937 287 s,
962 248 1129 280 23—26.
1640 237 1709 272 115

195 366 272 410 Ov.
300 367 406 410 Met.
435 367 510 410 IX,
540 367 806 411 767—768·:
830 366 1010 410 «omina
1027 379 1144 420 saepe
1160 366 1354 421 Visaque
1381 372 1708 411 causatur».—

192 442 307 496 dant
346 444 507 488 omina
547 442 669 497 dira,
710 443 996 499 parenthesis
1011 457 1023 493 ς
1065 444 1118 485 cf.
1162 443 1339 486 Petron.
1370 443 1459 486 Sat.
1494 446 1588 488 122.
1617 459 1704 489 vss.

197 521 457 564 177--1782
491 521 570 564 «de
612 521 720 564 caelo
763 520 1012 575 Delphicus
1054 521 1150 563 ales
1192 520 1358 564 Omina
1397 522 1499 564 laeta
1540 522 1705 573 dedit-3

189 598 318 653 Prop.
357 597 414 640 II.
457 599 528 648 28.
570 599 654 642 38:
687 599 942 641 «funestum
988 599 1188 642 concinit
1233 613 1367 642 omen
1414 601 1533 642 avis»
1542 615 1554 651 ;
1594 600 1702 643 Hor„

189 674 334 718 Car-m.
361 674 441 717 HI.
473 674 543 725 26,
577 675 702 718 1—2.
729 675 784 717 de
810 674 966 729 impiis
991 676 1080 717 iter
1106 676 1318 719 facturis:
1342 676 1537 732 «Impios
1562 691 1703 732 parrae

187 753 431 796 recinentis
458 766 592 795 omen
617 752 804 796 Ducat».
831 777 892 782 ——
919 751 1169 797 Saturnine
1195 765 1379 797 sacram
1405 763 1478 797 me
1503 755 1705 798 tenuisse

187 830 324 884 diem,
347 831 563 885 intellege
602 830 788 873 sabbata
811 830 1080 883 Iudaeorum,
1110 831 1272 886 quibus
1310 831 1396 874 hoc
1421 831 1494 874 die
1525 833 1609 874 iter
1635 833 1703 875 in·

185 909 311 963 gredi
351 922 445 951 non
485 909 602 951 licet.
631 907 827 951 Sabbata.
857 912 1009 951 autem
1049 909 1182 951 multi
1223 909 1509 952 celebrabant
1548 909 1702 952 Romae

185 984 439 1027 Iudaeorum
478 986 749 1035 sectatores}
788 985 841 1027 cf.
870 984 980 1028 Hor.
1014 984 1105 1028 Sat.
1132 985 1167 1028 I.
1196 987 1236 1035 9,
1267 985 1467 1029 68—69:
1501 987 1701 1029 «meliori

183 1063 402 1118 Tempore
426 1063 600 1105 dicam:
626 1062 760 1105 hodie
786 1064 1015 1106 tricesima
1041 1063 1271 1114 sabbata»;
1298 1062 1376 1105 Ov.
1394 1064 1444 1106 A.
1462 1064 1512 1106 A.
1528 1064 1562 1107 L
1583 1065 1701 1108 75—

185 1139 268 1181 76:
301 1138 416 1181 «Nec
452 1142 498 1181 te
536 1141 776 1193 praetereat
812 1139 978 1182 Veneri
1020 1141 1226 1194 ploratus
1268 1139 1440 1182 Adonis
1482 1139 1700 1196 Cultaque

182 1215 333 1258 Iudaeo
375 1216 568 1270 septima
608 1228 735 1258 sacra
777 1215 914 1271 Syro»
964 1219 1008 1259 et
1047 1216 1172 1259 Rem.
1214 1218 1476 1260 219—220:
1511 1231 1618 1260 «nec
1654 1220 1700 1260 te

179 1294 421 1349 peregrina
446 1297 678 1336 morentur
704 1292 941 1337 Sabbata».
970 1319 1031 1324 —-
1056 1291 1307 1338 Saturnive
1331 1327 1342 1337 .
1371 1327 1381 1337 .
1409 1327 1420 1337 .
1456 1293 1592 1347 diem,
1631 1299 1699 1339 est

182 1366 436 1414 'subiectum
478 1371 727 1414 sententias.
755 1396 816 1402 —-
842 1372 1063 1426 tenuisse,
1103 1373 1347 1415 retinuisse
1362 1387 1373 1423 ;
1399 1372 1525 1415 vides
1549 1372 1698 1416 Tibul—

183 1448 279 1490 lum
319 1461 413 1490 non
454 1461 556 1490 cum
597 1447 825 1499 Messalla,
872 1449 950 1491 sed
994 1450 1142 1491 solum
1180 1449 1234 1491 ab
1276 1447 1386 1491 urbe
1426 1445 1697 1504 profectum,'

182 1539 302 1576 nam,
331 1526 369 1567 si
396 1539 547 1568 comes
587 1527 748 1568 fuisset
785 1527 1086 1582 imperatoris,
1114 1540 1209 1569 non
1249 1527 1472 1581 potuisset
1503 1528 1589 1570 iter
1613 1527 1696 1571 dif-

179 1604 307 1646 ferre.
334 1627 394 1632 —
424 1599 665 1658 Offensum
701 1603 750 1646 in
787 1606 930 1659 porta
967 1603 1106 1660 siyna
1142 1603 1326 1647 dedisse
1358 1603 1538 1660 pedem,
1569 1605 1696 1659 pedis

180 1679 478 1722 offensionem
503 1679 624 1721 inter
647 1680 770 1722 mala
809 1681 963 1723 omina
1001 1683 1325 1723 commemorat
1350 1682 1486 1723 etiam
1513 1680 1600 1723 Cic.
1629 1682 1694 1724 De

179 1756 265 1799 div.
293 1756 349 1798 Π.
379 1757 466 1806 84;
492 1757 546 1798 cf.
575 1755 653 1798 Ov.
680 1758 778 1800 Am.
819 1758 852 1800 L
902 1759 968 1807 12,
999 1760 1037 1800 3.
1082 1771 1202 1813 sqq.:
1236 1757 1424 1800 «Omina
1466 1762 1573 1801 sunt
1613 1760 1693 1801 ali-

180 1831 312 1887 quid:
338 1831 473 1874 modo
500 1846 602 1874 cum
628 1832 855 1876 discedere
880 1834 1030 1883 vellet,
1057 1834 1125 1876 Ad
1149 1835 1290 1876 limen
1329 1834 1494 1888 digitos
1530 1836 1694 1877 restitit

177 1910 265 1951 icta
305 1908 456 1963 Nape:
499 1908 640 1951 Missa
680 1910 799 1952 foras
842 1911 1005 1952 iterum
1046 1911 1187 1952 limen
1229 1912 1421 1954 transire
1463 1916 1690 1955 memento

176 1985 362 2028 Cautius
402 1987 536 2038 atque
579 1984 668 2026 alte
704 1985 859 2028 sobria
900 1986 1014 2027 ferre
1049 1986 1234 2041 pedem»
1280 1990 1323 2030 et
1360 1987 1466 2030 Met.
1494 1987 1546 2030 X.
1574 1989 1689 2031 452:

181 2063 290 2104 «Ter
313 2062 442 2116 pedis
469 2062 630 2104 offensi
657 2063 786 2117 signo
820 2067 888 2105 est
926 2067 1174 2106 revocata».
1202 2088 1262 2093 —
1289 2065 1413 2118 sciet,
1440 2078 1498 2107 sc.
1522 2065 1688 2108 damno

174 2154 256 2183 suo
282 2140 452 2182 doctus.
481 2140 690 2182 Ceterum
717 2140 827 2183 sciet
853 2143 920 2183 est
942 2141 1198 2184 coniectura
1216 2141 1431 2196 Doeringii
1447 2156 1461 2193 ‘3
1487 2143 1542 2185 cf.
1569 2142 1689 2186 infra

174 2218 275 2261 adn.
304 2218 399 2260 crit.
429 2218 486 2260 ad
514 2219 555 2260 h.
584 2219 612 2260 1.

230 2296 280 2338 V.
310 2297 501 2339 23—26.
535 2295 659 2348 Quid
694 2298 776 2339 tua
812 2309 937 2339 nunc
975 2299 1070 2347 etc„
1099 2296 1155 2339 ad
1188 2298 1307 2339 hunc
1338 2298 1489 2340 locum
1527 2298 1688 2341 alludit

171 2373 249 2417 Ov.
276 2374 373 2416 Am.
402 2374 480 2416 HL
511 2376 550 2423 9,
581 2374 784 2416 33—34:
819 2373 963 2426 «Quid
987 2387 1068 2416 vos
1095 2387 1223 2418 sacra
1244 2375 1412 2425 iuvant,
1433 2375 1540 2430 quid
1565 2389 1686 2419 nunc

168 2450 388 2505 Aegyptia
412 2452 604 2505 prosunt
631 2449 785 2499 Sistra‚
814 2449 921 2505 quid
945 2451 993 2493 in
1010 2464 1150 2493 vacuo
1179 2451 1436 2494 secubuisse
1461 2455 1561 2494 toro
1574 2455 1684 2495 P»—

168 2526 276 2579 Isis,
302 2527 387 2569 dea
412 2528 643 2582 Aegyptia,
673 2540 699 2569 a
724 2527 989 2571 mulieribus
1015 2528 1232 2571 Romanis
1270 2530 1361 2571 iam
1400 2529 1504 2572 inde
1532 2543 1557 2572 a
1585 2529 1681 2572 Sul-

167 2604 285 2646 lanis
310 2604 588 2658 temporibus
615 2604 840 2658 praecipue
864 2605 996 2647 culta.
1029 2629 1089 2635 —
1123 2611 1220 2649 aer'a
1245 2605 1449 2662 repulsa,
1475 2606 1656 2660 pulsata
1670 2621 1681 2655 3

168 2681 379 2736 intellege
418 2683 551 2724 sistra
591 2682 639 2723 in
681 2682 820 2724 sacris
844 2682 978 2725 Isidis
1002 2684 1181 2730 usitata.
1210 2697 1307 2738 quae
1346 2683 1597 2726 sacerdotes
1639 2686 1682 2724 et

167 2748 362 2801 cultores
389 2758 481 2801 deae
508 2758 563 2801 ad
601 2760 747 2800 certos
784 2758 943 2802 modos
969 2773 1183 2815 quassare
1225 2760 1442 2803 solebant.
1472 2759 1679 2803 Sonitum

1487 2842 1532 2875 S*
