1942 3132
732 212 789 242 An
808 213 858 242 11.
881 210 915 249 3,
939 209 1106 241 53—58.
1600 196 1671 231 267

170 333 354 373 tortas».
381 356 438 360 —
468 330 644 374 lubrica
670 332 808 385 terra,
835 329 992 384 argilla
1016 329 1117 371 uda.
1136 353 1193 357 —
1210 331 1329 382 rota,
1346 330 1372 371 i.
1393 332 1429 371 e.
1448 332 1498 371 ut
1514 327 1670 372 Senee.

170 406 248 461 Ep.
278 408 347 457 90,
377 408 446 450 31.
474 407 605 450 dicit:
638 408 760 448 «rota
783 405 922 460 figuli,
951 406 1077 447 euius
1117 405 1304 446 circuitu
1329 418 1435 446 vasa
1474 406 1669 448 forman-

171 487 284 527 tur».
312 510 370 514 -
398 483 591 528 luoeuria
615 481 822 526 Nemesis
846 484 976 539 fluat,
1003 481 1179 524 diffluat
1206 485 1249 524 et
1274 482 1401 536 quasi
1426 481 1672 536 liquescat:

171 563 224 603 ef.
252 561 338 605 cio.
367 562 490 604 Tuse.
529 561 585 604 Π.
615 562 684 611 22,
714 562 766 603 8:
800 560 937 603 «Cum
974 560 1204 614 voluptate
1245 559 1532 614 liquescimus
1570 557 1668 600 flui-

171 652 356 694 musque
394 638 590 680 luxuria»
633 640 678 680 et
714 637 808 679 Ter.
848 637 1010 679 Heaut.
1052 636 1102 679 V.
1148 638 1183 686 1,
1225 636 1425 678 72—73:
1460 639 1533 677 «ut
1573 636 1669 677 eius

171 716 384 766 animum,
412 715 487 770 qui
513 728 632 757 nune
649 713 824 756 luxuria
842 716 885 756 et
902 714 1085 756 lascivia
1100 712 1288 762 Diffluit,
1316 711 1596 754 retundam».
1611 736 1671 740 —

135 831 137 833 ,
170 791 364 848 incedat,
400 805 501 834 cum
540 791 748 846 superbia
782 791 986 846 quadam,
1032 794 1083 833 ut
1106 790 1234 844 Verg.
1261 790 1370 832 Aen.
1409 789 1443 831 I.
1477 789 1668 831 46—47.

169 870 284 912 Iuno
323 869 378 911 de
417 882 488 912 se:
524 882 642 924 «ego,
672 882 768 924 quae
807 868 957 910 divom
995 867 1153 910 incedo
1191 868 1347 922 regina
1382 867 1587 920 Iovisque
1613 866 1676 908 Et

171 961 296 990 soror
320 950 364 990 et
401 948 634 990 coniunx».
662 972 720 976 -
746 945 1084 1002 conspicienda,
1110 947 1162 989 ef.
1193 946 1294 988 adn.
1323 958 1459 1000 supra.
1485 944 1540 986 ad
1565 943 1598 986 I.
1627 945 1667 993 2,

171 1026 251 1068 70:
285 1024 694 1080 «conspiciendus».

228 1102 277 1145 V.
305 1103 494 1145 53—58.
522 1105 664 1146 vestes
702 1104 872 1155 tenues,
911 1113 1029 1157 quas
1066 1100 1243 1157 femina
1273 1098 1367 1143 Coa
1413 1097 1590 1153 Τθαηιὶι,
1615 1097 1673 1140 de

167 1179 365 1221 vestibus
391 1178 494 1222 Cois
519 1180 573 1221 ef.
601 1178 702 1220 adn.
744 1191 878 1233 supra
916 1177 972 1219 ad
996 1178 1052 1220 H.
1080 1179 1121 1227 4,
1151 1179 1232 1220 29:
1266 1176 1382 1220 «Coa
1405 1176 1584 1218 vestis».
1614 1200 1671 1204 —-

168 1258 361 1299 auratas
386 1254 695 1312 disposuitque
721 1254 838 1309 vias,
863 1255 1150 1310 cogitandum
1176 1255 1230 1297 de
1246 1255 1384 1310 virgis
1400 1241 1674 1308 (Hungariee

168 1333 272 1388 σεῦε,
309 1331 458 1376 Germ.
500 1331 720 1390 Streifen)
759 1333 926 1375 auratis
966 1332 1161 1382 intextis,
1202 1345 1299 1386 quae
1336 1331 1462 1386 quasi
1501 1331 1672 1373 semitae

168 1411 369 1466 quaedam
396 1415 473 1454 aut
499 1412 618 1454 striae
643 1411 757 1454 telas
783 1410 1078 1465 distinguunt,
1107 1409 1228 1452 unde
1254 1409 1374 1464 apud
1391 1408 1466 1452 Sil.
1484 1408 1538 1450 It.
1557 1408 1667 1450 Pun.

166 1489 239 1531 IV.
271 1491 379 1532 155:
412 1490 555 1531 «Auro
580 1489 761 1544 virgatae
777 1491 965 1531 vestes».
996 1486 1079 1530 Via
1103 1488 1241 1542 igitur
1265 1487 1350 1528 hoe
1374 1486 1472 1528 loeo
1498 1486 1670 1540 virgam

166 1567 214 1608 in
240 1568 362 1608 veste
389 1565 631 1620 signifieat;
658 1566 711 1607 ef.
739 1565 866 1619 Verg.
884 1565 991 1607 Aen.
1011 1565 1128 1607 VIII.
1153 1565 1264 1606 660:
1290 1563 1496 1617 «virgatis
1518 1563 1674 1605 lucent

169 1643 358 1697 sagulis»
391 1645 434 1686 et
459 1641 579 1685 Serv.
608 1642 709 1686 adn.
738 1642 795 1685 ad
820 1642 862 1684 h.
891 1643 948 1685 L:
972 1655 1091 1696 «quae
1118 1641 1345 1684 habebant
1369 1641 1418 1682 in
1443 1640 1669 1694 virgarum

167 1719 351 1762 modum
376 1719 586 1761 deductas
612 1719 732 1761 vias»
741 1733 752 1768 ;
780 1718 940 1761 similis
967 1721 1035 1760 est
1061 1715 1180 1774 οἶμος
1208 1717 1327 1772 apud
1352 1717 1485 1759 Hom.
1513 1717 1564 1759 Il.
1591 1717 1666 1759 XI.

170 1798 250 1840 24:
278 1795 361 1840 Τοῦ
387 1797 423 1838 δ’
449 1797 540 1855 ἤτοι
566 1797 669 1839 δέκα
695 1794 808 1854 οἴμοι
834 1796 935 1839 ἔσαν
975 1797 1154 1853 μέλανος
1191 1799 1375 1838 κυάνοιο.
1402 1819 1460 1823 —
1485 1794 1671 1837 comites

167 1874 300 1931 fusci,
325 1887 475 1916 servos
501 1887 552 1915 ex
576 1874 815 1928 Aethiopia
853 1873 1078 1915 habebant
1115 1872 1291 1914 feminae
1323 1872 1560 1914 luxuriosae
1576 1886 1586 1920 ;
1614 1871 1666 1913 of.

169 1951 340 1994 Terent.
379 1951 579 1993 Eunueh.
607 1951 640 1993 L
670 1951 709 2000 2,
738 1952 820 1993 85:
855 1951 1037 1993 «Nonne
1075 1950 1152 1992 ubi
1191 1949 1299 1991 dixti
1337 1963 1497 2003 cupere
1535 1952 1579 1991 te
1618 1962 1670 1990 ex

168 2028 405 2082 Aethiopia
431 2028 701 2077 ancillulam,
729 2027 896 2070 relictis
933 2023 1074 2069 rebus*
1107 2027 1315 2069 omnibus
1342 2025 1579 2080 quaesiviY»
1610 2050 1669 2055 —

170 2104 320 2159 India,
359 2106 608 2161 Aethiopia.
651 2119 758 2148 nam
801 2106 935 2148 etiam
976 2105 1217 2159 Aethiopes
1263 2104 1363 2145 Indi
1411 2103 1674 2145 dicebantur

168 2183 327 2224 latiore
354 2196 500 2227 sensu.
529 2184 580 2225 ut
604 2183 732 2236 Verg.
762 2181 839 2225 Ge.
868 2182 938 2224 IV.
970 2183 1067 2224 ⁶292.
1098 2181 1150 2223 de
1177 2182 1304 2223 Nilo:
1339 2181 1513 2236 «Usque
1551 2180 1667 2223 eolo-

168 2260 277 2302 ratis
303 2260 449 2302 amnis
475 2259 664 2302 devexus
690 2260 745 2302 ab
771 2259 918 2301 Indis»
950 2260 978 2301 i.
999 2273 1033 2301 e.
1054 2259 1108 2301 ab
1134 2259 1442 2313 Aethiopibus,
1469 2261 1513 2300 et
1537 2258 1669 2312 Prop..

168 2337 242 2379 IV.
271 2338 311 2388 3,
343 2338 418 2379 10:
453 2336 615 2379 «Ustus
641 2339 686 2378 et
711 2350 792 2379 eoa
829 2336 1023 2378 discolor
1059 2335 1197 2378 Indus
1236 2349 1392 2389 aqua»,
1421 2335 1497 2376 ubi
1525 2334 1669 2389 agitur

170 2414 222 2456 de
248 2414 555 2468 Aethiopibus,
583 2413 845 2468 quibuscum
884 2414 1119 2468 praefeetus
1145 2413 1333 2467 Aegypti
1360 2411 1403 2455 C.
1432 2412 1668 2453 Petronius

169 2491 285 2532 eirea
310 2504 347 2532 a.
377 2491 445 2532 25.
474 2503 511 2531 a.
540 2488 640 2532 Chr.
669 2503 712 2532 n.
741 2490 909 2532 bellum
936 2489 1127 2543 gerebat.
1162 2514 1218 2518 ——
1253 2487 1376 2532 Solis
1402 2490 1443 2530 et
1469 2486 1667 2531 admotis

168 2567 313 2624 inficit
338 2567 458 2623 iqui-s
486 2566 631 2623 equiS,
656 2567 849 2609 colorem
888 2567 1065 2621 nigrum
1091 2566 1360 2619 Aethiopum
1387 2568 1431 2606 et
1455 2564 1667 2606 Indorum

168 2644 387 2686 vicinitati
425 2643 531 2685 solis
558 2643 812 2685 tribuebant
837 2643 1036 2698 antiqui3
1074 2644 1126 2685 cf.
1155 2642 1283 2697 Prop.
1311 2642 1390 2683 IH.
1424 2643 1487 2691 13,
1524 2643 1585 2682 16.
1615 2640 1669 2681 de

168 2721 317 2763 Indis:
342 2720 486 2773 «Quos
511 2721 683 2761 Aurora
709 2721 802 2762 suis
828 2720 962 2762 rubra
988 2721 1158 2762 colorat
1175 2720 1343 2774 equis»,
1363 2732 1493 2772 quem
1520 2718 1667 2758 locum
