1942 3132
269 218 335 251 100
837 231 895 260 An
915 231 946 260 1.
971 229 1026 268 10,
1053 229 1195 261 7—12.

270 348 331 389 «A
355 350 506 402 gemat
529 347 578 389 in
604 347 747 397 terris,
775 348 861 389 ista
887 347 964 403 qui
989 348 1178 402 protulit
1204 349 1297 388 arte
1335 347 1531 401 Iurgia».
1560 373 1619 376 —-
1643 347 1771 404 ferus

266 425 306 467 et
331 456 344 467 .
372 456 383 465 .
411 456 423 466 .
449 424 644 480 ferreus,
670 425 903 467 sollemnis
929 425 1098 466 locutio
1129 425 1267 467 fuisse
1291 424 1480 475 videtur,
1521 427 1574 466 ut
1599 423 1685 467 Cic.
1716 426 1772 467 ad

265 501 415 553 Quint.
458 502 579 544 fratr.
606 501 640 544 Ι.
672 503 709 551 3,
740 503 791 543 3;
825 501 994 553 «Quam
1032 515 1112 555 ego
1140 502 1259 543 ferus
1298 515 1349 543 ac
1388 501 1559 543 ferreus
1599 515 1621 542 e
1654 515 1773 544 com-

263 578 397 632 plexu
423 577 572 620 dimisi
598 591 741 620 meo».
769 603 829 607 --
854 578 1030 635 ferrcus
1068 578 1140 621 illi
1164 578 1265 634 fuit,
1298 578 1455 620 eadem
1480 579 1614 621 verba
1638 578 1771 621 initio

265 656 511 697 hexametri
536 655 667 697 infra
692 655 726 697 Ι.
755 657 793 705 2,
823 657 906 705 653
945 658 1090 697 totum
1128 655 1354 697 distichon
1392 656 1595 698 imitatur
1631 654 1769 710 Lygd„

266 734 306 782 2,
339 734 479 775 1—-22
513 732 625 784 «Qui
649 732 822 787 primus
847 743 997 775 caram
1035 733 1187 775 iuveni
1213 745 1454 787 carumque
1487 733 1649 787 puellae
1674 732 1771 775 Eri·

264 809 362 864 puit
387 809 610 860 iuvenem,
650 810 821 852 ferreus
845 809 923 851 ille
950 809 1075 851 fuit».
1104 835 1163 838 —
1196 809 1311 852 Tum
1348 808 1492 853 caedes
1533 808 1774 853 hominum

264 885 435 943 ymeri,
462 889 559 929 tum
577 886 748 942 proelia
773 888 903 938 nata,
935 885 1050 928 Tum
1078 886 1257 929 brevior
1282 885 1397 929 dirce
1422 886 1586 929 mortis
1613 887 1775 943 aperta

265 963 342 1007 via
380 963 458 1012 est,
498 965 549 1005 ut
585 963 704 1004 infra
739 962 773 1004 Ι.
816 964 854 1012 3,
888 964 1094 1005 49—-502
1127 963 1277 1005 «Nunc
1318 963 1423 1006 Iove
1466 964 1550 1005 sub
1590 963 1773 1006 domino

266 1040 406 1083 caedes
433 1042 478 1081 et
502 1040 687 1082 vulnera
714 1053 903 1094 semper,
942 1039 1069 1082 Nunc
1107 1053 1241 1089 mare,
1283 1053 1402 1081 nunc
1440 1039 1519 1082 leti
1557 1040 1682 1082 mille
1707 1054 1775 1082 re-

265 1118 400 1171 pente
438 1116 544 1158 viae»
583 1117 626 1157 et
665 1115 719 1156 Π.
763 1116 800 1164 3,
844 1116 925 1158 38:
959 1115 1101 1156 «Hinc
1139 1129 1280 1164 cruor,
1321 1112 1431 1157 hinc
1473 1118 1614 1159 caedes
1651 1130 1773 1159 mors

264 1193 535 1250 propiorque
560 1193 728 1243 venit»;
755 1193 808 1234 cf.
835 1192 944 1234 Hor.
973 1191 1117 1234 Carm.
1145 1193 1178 1234 Ι.
1210 1195 1247 1242 3,
1269 1195 1470 1235 32—33:
1495 1193 1775 1248 «Semotique

265 1271 389 1326 prius
416 1270 543 1313 tarda
565 1271 811 1312 necessitas
836 1270 938 1311 Leti
964 1270 1179 1324 corripuit
1204 1263 1509 1323 gradum».'——
1529 1270 1607 1313 ille
1633 1269 1773 1314 ‘miser

265 1348 446 1400 meruit,
488 1349 700 1402 peccavit,
741 1351 791 1389 ut
830 1348 947 1389 infra
984 1348 1018 1389 I.
1048 1349 1087 1396 2,
1117 1349 1200 1390 83:
1233 1347 1357 1389 «Non
1399 1361 1492 1401 ego,
1534 1348 1573 1390 si
1613 1347 1771 1398 merui,

267 1424 464 1467 dubitem
503 1424 792 1479 procumbere
831 1424 1036 1478 templis»
1081 1425 1126 1465 et
1165 1424 1221 1466 IL
1261 1425 1303 1473 4,
1344 1425 1396 1466 5:
1431 1424 1510 1465 «Et
1548 1437 1629 1466 seu
1669 1424 1775 1478 quid

266 1502 410 1544 merui
437 1515 517 1544 seu
541 1501 607 1542 nil
633 1500 928 1554 peccavimus,
957 1501 1088 1542 urit».
1118 1500 1181 1542 Of.
1210 1501 1384 1543 Terent.
1402 1501 1536 1544 Andr.
1549 1502 1582 1544 Ι.
1608 1503 1643 1551 1,
1667 1501 1774 1545 112:

271 1578 412 1632 «Quid
450 1579 548 1628 feci,
576 1577 683 1631 quid
720 1578 963 1619 commerui
1004 1579 1082 1619 aut
1119 1580 1376 1631 peccavi?»;
1401 1578 1530 1632 Prop.
1558 1579 1591 1620 L
1624 1580 1691 1629 18,
1719 1581 1774 1622 9:

271 1655 412 1707 «Quid
450 1658 629 1696 tantum
665 1655 866 1696 meruiP»
897 1679 956 1683 —
982 1654 1135 1705 miser,
1178 1655 1283 1708 quia
1319 1655 1582 1709 imprudens
1620 1656 1776 1697 nocuit

267 1733 420 1786 generi
447 1732 659 1773 humano.
687 1756 747 1760 -—
772 1744 855 1774 nos
882 1730 943 1774 ad
977 1732 1107 1774 mala
1140 1732 1299 1774 nostra
1334 1730 1576 1785 Vertimus,
1601 1732 1653 1775 in
1680 1745 1770 1776 sae-

266 1821 349 1852 vas
387 1808 509 1864 qaod
545 1807 670 1851 dedit
706 1808 784 1851 ille
821 1808 962 1864 feras,
995 1809 1047 1850 cf.
1089 1809 1351 1862 Pythagorae
1376 1809 1512 1852 verba
1551 1809 1671 1864 apud
1695 1808 1774 1853 Ov.

267 1885 371 1928 Met.
405 1887 470 1934 15,
505 1886 614 1928 106:
647 1886 904 1940 «primoque
931 1899 953 1926 e
980 1885 1097 1927 caede
1124 1886 1320 1928 ferarum
1344 1885 1591 1928 Incaluisse
1626 1887 1776 1927 ferunt

266 1963 540 2005 maculatum
580 1964 799 2016 sanguine
839 1964 1046 2004 ferrum».
1074 1963 1140 2013 Ei,
1171 1964 1247 2017 qui
1267 1964 1456 2017 »primus
1496 1976 1630 2006 ausus
1658 1964 1776 2005 esset

267 2040 410 2082 hastis
448 2042 604 2082 contra
642 2041 758 2082 feras
796 2041 991 2082 inventis
1034 2039 1090 2081 ad
1128 2040 1365 2082 hominum
1405 2040 1649 2094 perniciem
1694 2040 1776 2091 uti,

269 2117 387 2160 diras
412 2117 682 2171 imprecatus
713 2130 810 2159 esse
839 2117 1014 2160 videtur
1040 2118 1322 2167 Parthenius,
1364 2120 1499 2172 poeta
1536 2117 1770 2170 elegiacus,

268 2194 394 2235 cuius
421 2194 721 2246 fragmentum
748 2196 888 2235 exstat
913 2195 962 2235 in
1001 2193 1146 2237 Schol.
1174 2193 1331 2235 Venet.
1368 2194 1424 2235 ad
1449 2193 1582 2235 Hom.
1615 2193 1666 2235 Il.
1694 2192 1772 2236 IX,

268 2271 381 2312 446:
406 2269 552 2317 ‘'Ootcg
580 2269 640 2313 ἐπ’
670 2268 914 2326 ἀνθρώπους
941 2270 1080 2318 ἕξοσεν
1114 2268 1326 2328 αἰγανὲην.

327 2347 377 2388 V.
408 2347 565 2388 7—12.
595 2345 764 2390 Divitis
791 2381 801 2390 .
831 2378 841 2388 .
870 2379 882 2389 .
907 2348 1026 2397 auri,
1067 2349 1117 2389 ut
1156 2361 1290 2401 supra
1327 2346 1360 2388 I.
1389 2349 1428 2398 9,
1460 2348 1541 2397 313
1581 2347 1632 2390 cf.
1673 2346 1772 2389 adm

271 2425 326 2467 ad
363 2425 406 2466 h.
443 2424 470 2464 1.
510 2448 568 2451 —
594 2422 804 2479 B'ayinus
847 2424 1033 2481 astabat
1075 2437 1178 2467 cum
1218 2423 1419 2479 scyphus
1466 2426 1571 2467 ante
1614 2422 1772 2479 dapes,

269 2501 464 2553 antiquae
491 2500 791 2553 simplicitatis
819 2504 897 2551 est,
925 2504 978 2543 ut
1001 2500 1078 2543 Ov.
1106 2498 1209 2542 Met.
1226 2501 1344 2542 VHI.
1374 2502 1486 2543 669:
1516 2498 1772 2541 «fabricata-

271 2591 353 2632 que
391 2577 494 2630 fago
530 2577 717 2619 Pocula»
751 2581 794 2619 et
820 2578 896 2620 Ov.
924 2578 1045 2620 Fast.
1073 2578 1122 2620 V.
1163 2578 1425 2620 521—522:
1458 2577 1608 2619 «Nunc
1645 2575 1772 2630 dape,

271 2667 391 2696 nunc
415 2653 562 2706 posito
587 2666 754 2695 mensae
781 2655 955 2697 nituere
979 2656 1140 2710 Lyaeo:
1166 2656 1299 2697 Terra
1324 2655 1487 2697 rubens
1513 2655 1667 2703 crater,
1694 2667 1774 2708 po-

273 2731 373 2774 cula
398 2731 525 2783 fagus
553 2731 688 2772 erat».
716 2755 774 2759 ——
801 2731 986 2774 astabat
1013 2764 1024 2775 .
1052 2762 1064 2773 .
1091 2763 1102 2773 .
1129 2730 1343 2788 scyphus,
1367 2744 1425 2773 sc.
1453 2729 1502 2771 in
1526 2742 1695 2779 mensa,
1722 2731 1775 2773 ut
