<?xml version="1.0" encoding="UTF-8"?>
<!DOCTYPE html PUBLIC "-//W3C//DTD XHTML 1.0 Transitional//EN"
    "http://www.w3.org/TR/xhtml1/DTD/xhtml1-transitional.dtd">
<html xmlns="http://www.w3.org/1999/xhtml" xml:lang="en" lang="en">
 <head>
  <title>
</title>
<meta http-equiv="Content-Type" content="text/html;charset=utf-8" />
  <meta name='ocr-system' content='tesseract 3.04.00' />
  <meta name='ocr-capabilities' content='ocr_page ocr_carea ocr_par ocr_line ocrx_word'/>
</head>
<body>
  <div class='ocr_page' id='page_1' title='image "./carminaaccedunts00tibuuoft_0151.png"; bbox 0 0 1942 3132; ppageno 0'>
   <div class='ocr_carea' id='block_1_1' title="bbox 772 214 1708 270">
    <p class='ocr_par' dir='ltr' id='par_1_1' title="bbox 772 214 1708 270">
     <span class='ocr_line' id='line_1_1' title="bbox 772 214 1708 270; baseline -0.003 -7"><span class='ocrx_word' id='word_1_1' title='bbox 772 233 828 263; x_wconf 67' lang='lat' dir='ltr'><strong>An</strong></span> <span class='ocrx_word' id='word_1_2' title='bbox 849 233 879 262; x_wconf 92' lang='lat'><strong>1.</strong></span> <span class='ocrx_word' id='word_1_3' title='bbox 903 230 936 270; x_wconf 87' lang='lat'><strong>5,</strong></span> <span class='ocrx_word' id='word_1_4' title='bbox 961 229 1130 262; x_wconf 80' lang='lat'><strong>31—36.</strong></span> <span class='ocrx_word' id='word_1_5' title='bbox 1641 214 1708 251; x_wconf 68' lang='lat'><strong>14⁷</strong></span> 
     </span>
    </p>
   </div>
   <div class='ocr_carea' id='block_1_2' title="bbox 197 348 1714 2858">
    <p class='ocr_par' dir='ltr' id='par_1_2' title="bbox 197 348 1712 1410">
     <span class='ocr_line' id='line_1_2' title="bbox 202 348 1708 408; baseline -0.003 -12"><span class='ocrx_word' id='word_1_6' title='bbox 202 352 389 396; x_wconf 84' lang='lat'>15-16.</span> <span class='ocrx_word' id='word_1_7' title='bbox 414 376 470 379; x_wconf 80' lang='lat'>—</span> <span class='ocrx_word' id='word_1_8' title='bbox 497 352 656 408; x_wconf 62' lang='lat' dir='ltr'><strong>seqare,</strong></span> <span class='ocrx_word' id='word_1_9' title='bbox 680 350 840 393; x_wconf 84' lang='lat' dir='ltr'><strong>ultima</strong></span> <span class='ocrx_word' id='word_1_10' title='bbox 865 349 1038 403; x_wconf 86' lang='lat' dir='ltr'><strong>syllaba</strong></span> <span class='ocrx_word' id='word_1_11' title='bbox 1061 348 1280 403; x_wconf 89' lang='lat' dir='ltr'><strong>producta</strong></span> <span class='ocrx_word' id='word_1_12' title='bbox 1305 351 1373 390; x_wconf 87' lang='lat' dir='ltr'><strong>est</strong></span> <span class='ocrx_word' id='word_1_13' title='bbox 1397 352 1580 402; x_wconf 84' lang='lat' dir='ltr'><strong>propter</strong></span> <span class='ocrx_word' id='word_1_14' title='bbox 1604 362 1708 391; x_wconf 89' lang='lat' dir='ltr'><strong>con·</strong></span> 
     </span>
     <span class='ocr_line' id='line_1_3' title="bbox 200 424 1710 483; baseline -0.001 -13"><span class='ocrx_word' id='word_1_15' title='bbox 200 430 413 479; x_wconf 79' lang='lat' dir='ltr'><strong>sonantes</strong></span> <span class='ocrx_word' id='word_1_16' title='bbox 452 430 691 482; x_wconf 77' lang='lat' dir='ltr'><strong>sequentes</strong></span> <span class='ocrx_word' id='word_1_17' title='bbox 715 426 920 483; x_wconf 79' lang='lat' dir='ltr'><strong>(spicas),</strong></span> <span class='ocrx_word' id='word_1_18' title='bbox 945 427 996 468; x_wconf 90' lang='lat' dir='ltr'><strong>ut</strong></span> <span class='ocrx_word' id='word_1_19' title='bbox 1033 426 1066 468; x_wconf 90' lang='lat' dir='ltr'>L</span> <span class='ocrx_word' id='word_1_20' title='bbox 1096 427 1137 477; x_wconf 86' lang='grc'><strong>6,</strong></span> <span class='ocrx_word' id='word_1_21' title='bbox 1166 427 1248 469; x_wconf 81' lang='grc'><strong>34;</strong></span> <span class='ocrx_word' id='word_1_22' title='bbox 1281 424 1504 473; x_wconf 82' lang='lat' dir='ltr'><strong>«Servare,</strong></span> <span class='ocrx_word' id='word_1_23' title='bbox 1547 426 1710 468; x_wconf 81' lang='lat' dir='ltr'><strong>frustra</strong></span> 
     </span>
     <span class='ocr_line' id='line_1_4' title="bbox 198 502 1707 560; baseline -0.001 -13"><span class='ocrx_word' id='word_1_24' title='bbox 198 505 335 548; x_wconf 77' lang='lat' dir='ltr'><strong>clavis</strong></span> <span class='ocrx_word' id='word_1_25' title='bbox 363 505 482 546; x_wconf 88' lang='lat' dir='ltr'><strong>inest</strong></span> <span class='ocrx_word' id='word_1_26' title='bbox 520 503 732 546; x_wconf 79' lang='lat' dir='ltr'><strong>foribus».</strong></span> <span class='ocrx_word' id='word_1_27' title='bbox 759 528 818 532; x_wconf 93' lang='lat'><strong>—</strong></span> <span class='ocrx_word' id='word_1_28' title='bbox 836 514 927 559; x_wconf 82' lang='lat' dir='ltr'><strong>pro</strong></span> <span class='ocrx_word' id='word_1_29' title='bbox 964 515 1100 560; x_wconf 73' lang='lat' dir='ltr'><strong>qreye</strong></span> <span class='ocrx_word' id='word_1_30' title='bbox 1137 503 1258 560; x_wconf 82' lang='lat' dir='ltr'><strong>ferre</strong></span> <span class='ocrx_word' id='word_1_31' title='bbox 1295 502 1475 559; x_wconf 83' lang='lat' dir='ltr'><strong>dapem,</strong></span> <span class='ocrx_word' id='word_1_32' title='bbox 1503 504 1556 544; x_wconf 90' lang='lat' dir='ltr'><strong>cf.</strong></span> <span class='ocrx_word' id='word_1_33' title='bbox 1585 503 1707 546; x_wconf 86' lang='lat' dir='ltr'><strong>Paul.</strong></span> 
     </span>
     <span class='ocr_line' id='line_1_5' title="bbox 198 579 1709 636; baseline -0.002 -12"><span class='ocrx_word' id='word_1_34' title='bbox 198 581 317 625; x_wconf 86' lang='lat' dir='ltr'><strong>Fest.</strong></span> <span class='ocrx_word' id='word_1_35' title='bbox 361 596 394 623; x_wconf 88' lang='lat' dir='ltr'><strong>s.</strong></span> <span class='ocrx_word' id='word_1_36' title='bbox 434 594 474 623; x_wconf 86' lang='lat' dir='ltr'><strong>v.</strong></span> <span class='ocrx_word' id='word_1_37' title='bbox 514 583 571 636; x_wconf 90' lang='lat' dir='ltr'><strong>(p.</strong></span> <span class='ocrx_word' id='word_1_38' title='bbox 605 581 676 623; x_wconf 80' lang='lat'><strong>48.</strong></span> <span class='ocrx_word' id='word_1_39' title='bbox 717 579 783 623; x_wconf 80' lang='lat' dir='ltr'><strong>ed.</strong></span> <span class='ocrx_word' id='word_1_40' title='bbox 826 579 1116 633; x_wconf 86' lang='lat' dir='ltr'><strong>Thewrewk):</strong></span> <span class='ocrx_word' id='word_1_41' title='bbox 1150 580 1296 635; x_wconf 85' lang='lat' dir='ltr'><strong>«Daps</strong></span> <span class='ocrx_word' id='word_1_42' title='bbox 1338 580 1458 634; x_wconf 87' lang='lat' dir='ltr'><strong>apud</strong></span> <span class='ocrx_word' id='word_1_43' title='bbox 1501 580 1709 634; x_wconf 87' lang='lat' dir='ltr'><strong>antiquos</strong></span> 
     </span>
     <span class='ocr_line' id='line_1_6' title="bbox 198 656 1711 712; baseline -0.003 -11"><span class='ocrx_word' id='word_1_44' title='bbox 198 658 430 701; x_wconf 85' lang='lat' dir='ltr'><strong>dicebatur</strong></span> <span class='ocrx_word' id='word_1_45' title='bbox 470 672 540 700; x_wconf 85' lang='lat' dir='ltr'><strong>res</strong></span> <span class='ocrx_word' id='word_1_46' title='bbox 581 657 745 707; x_wconf 82' lang='lat' dir='ltr'><strong>divina,</strong></span> <span class='ocrx_word' id='word_1_47' title='bbox 774 671 871 712; x_wconf 85' lang='lat' dir='ltr'><strong>quae</strong></span> <span class='ocrx_word' id='word_1_48' title='bbox 896 656 1031 699; x_wconf 81' lang='lat' dir='ltr'><strong>fiebat</strong></span> <span class='ocrx_word' id='word_1_49' title='bbox 1072 660 1150 700; x_wconf 84' lang='lat' dir='ltr'><strong>aut</strong></span> <span class='ocrx_word' id='word_1_50' title='bbox 1190 658 1380 699; x_wconf 84' lang='lat' dir='ltr'><strong>hiberna</strong></span> <span class='ocrx_word' id='word_1_51' title='bbox 1416 656 1607 699; x_wconf 77' lang='lat' dir='ltr'><strong>sementi</strong></span> <span class='ocrx_word' id='word_1_52' title='bbox 1635 659 1711 698; x_wconf 90' lang='lat' dir='ltr'><strong>aut</strong></span> 
     </span>
     <span class='ocr_line' id='line_1_7' title="bbox 198 733 1709 789; baseline -0.003 -10"><span class='ocrx_word' id='word_1_53' title='bbox 198 749 379 779; x_wconf 82' lang='lat' dir='ltr'><strong>verna».</strong></span> <span class='ocrx_word' id='word_1_54' title='bbox 408 735 583 789; x_wconf 87' lang='lat' dir='ltr'><strong>Dapem</strong></span> <span class='ocrx_word' id='word_1_55' title='bbox 609 747 791 776; x_wconf 85' lang='lat' dir='ltr'><strong>vernam</strong></span> <span class='ocrx_word' id='word_1_56' title='bbox 828 734 923 776; x_wconf 87' lang='lat' dir='ltr'><strong>Iovi</strong></span> <span class='ocrx_word' id='word_1_57' title='bbox 950 733 1114 787; x_wconf 83' lang='lat' dir='ltr'><strong>Dapali</strong></span> <span class='ocrx_word' id='word_1_58' title='bbox 1152 747 1233 789; x_wconf 90' lang='lat' dir='ltr'><strong>pro</strong></span> <span class='ocrx_word' id='word_1_59' title='bbox 1269 734 1418 776; x_wconf 86' lang='lat' dir='ltr'>bubus</span> <span class='ocrx_word' id='word_1_60' title='bbox 1457 733 1709 775; x_wconf 84' lang='lat' dir='ltr'><strong>faciendam</strong></span> 
     </span>
     <span class='ocr_line' id='line_1_8' title="bbox 199 809 1710 866; baseline -0.002 -11"><span class='ocrx_word' id='word_1_61' title='bbox 199 813 410 855; x_wconf 78' lang='lat' dir='ltr'><strong>describit</strong></span> <span class='ocrx_word' id='word_1_62' title='bbox 435 812 528 855; x_wconf 88' lang='lat' dir='ltr'><strong>Cat.</strong></span> <span class='ocrx_word' id='word_1_63' title='bbox 555 811 620 854; x_wconf 91' lang='lat' dir='ltr'><strong>De</strong></span> <span class='ocrx_word' id='word_1_64' title='bbox 647 824 736 864; x_wconf 79' lang='lat' dir='ltr'><strong>agr.</strong></span> <span class='ocrx_word' id='word_1_65' title='bbox 771 812 849 853; x_wconf 87' lang='lat'><strong>131</strong></span> <span class='ocrx_word' id='word_1_66' title='bbox 870 827 879 853; x_wconf 94' lang='lat'>:</span> <span class='ocrx_word' id='word_1_67' title='bbox 904 811 1029 853; x_wconf 86' lang='lat' dir='ltr'><strong>«Piro</strong></span> <span class='ocrx_word' id='word_1_68' title='bbox 1055 809 1244 854; x_wconf 90' lang='lat' dir='ltr'><strong>florente</strong></span> <span class='ocrx_word' id='word_1_69' title='bbox 1272 811 1431 866; x_wconf 84' lang='lat' dir='ltr'><strong>dapem</strong></span> <span class='ocrx_word' id='word_1_70' title='bbox 1458 824 1538 866; x_wconf 87' lang='lat' dir='ltr'><strong>pro</strong></span> <span class='ocrx_word' id='word_1_71' title='bbox 1565 810 1710 853; x_wconf 80' lang='lat' dir='ltr'><strong>bubus</strong></span> 
     </span>
     <span class='ocr_line' id='line_1_9' title="bbox 202 889 1711 944; baseline -0.001 -12"><span class='ocrx_word' id='word_1_72' title='bbox 202 890 347 932; x_wconf 83' lang='lat' dir='ltr'><strong>facito.</strong></span> <span class='ocrx_word' id='word_1_73' title='bbox 388 889 550 932; x_wconf 82' lang='lat' dir='ltr'><strong>Postea</strong></span> <span class='ocrx_word' id='word_1_74' title='bbox 573 902 712 931; x_wconf 84' lang='lat' dir='ltr'><strong>verno</strong></span> <span class='ocrx_word' id='word_1_75' title='bbox 751 902 877 930; x_wconf 86' lang='lat' dir='ltr'><strong>arare</strong></span> <span class='ocrx_word' id='word_1_76' title='bbox 915 889 1128 943; x_wconf 82' lang='lat' dir='ltr'><strong>incipito»</strong></span> <span class='ocrx_word' id='word_1_77' title='bbox 1175 892 1219 931; x_wconf 88' lang='lat' dir='ltr'><strong>et</strong></span> <span class='ocrx_word' id='word_1_78' title='bbox 1249 891 1358 932; x_wconf 72' lang='lat'><strong>132:</strong></span> <span class='ocrx_word' id='word_1_79' title='bbox 1390 889 1588 944; x_wconf 83' lang='lat' dir='ltr'><strong>«Dapem</strong></span> <span class='ocrx_word' id='word_1_80' title='bbox 1627 889 1711 931; x_wconf 91' lang='lat' dir='ltr'><strong>hoc</strong></span> 
     </span>
     <span class='ocr_line' id='line_1_10' title="bbox 199 965 1711 1022; baseline -0.002 -12"><span class='ocrx_word' id='word_1_81' title='bbox 199 968 334 1010; x_wconf 92' lang='lat' dir='ltr'><strong>modo</strong></span> <span class='ocrx_word' id='word_1_82' title='bbox 361 967 457 1009; x_wconf 88' lang='lat' dir='ltr'><strong>fieri</strong></span> <span class='ocrx_word' id='word_1_83' title='bbox 485 968 684 1022; x_wconf 88' lang='lat' dir='ltr'><strong>oportet:</strong></span> <span class='ocrx_word' id='word_1_84' title='bbox 711 966 807 1008; x_wconf 92' lang='lat' dir='ltr'><strong>Iovi</strong></span> <span class='ocrx_word' id='word_1_85' title='bbox 833 965 995 1021; x_wconf 88' lang='lat' dir='ltr'><strong>Dapali</strong></span> <span class='ocrx_word' id='word_1_86' title='bbox 1028 967 1255 1021; x_wconf 87' lang='lat' dir='ltr'><strong>culignam</strong></span> <span class='ocrx_word' id='word_1_87' title='bbox 1281 967 1376 1009; x_wconf 82' lang='lat' dir='ltr'><strong>vini</strong></span> <span class='ocrx_word' id='word_1_88' title='bbox 1402 968 1619 1021; x_wconf 87' lang='lat' dir='ltr'><strong>quantam</strong></span> <span class='ocrx_word' id='word_1_89' title='bbox 1643 966 1711 1007; x_wconf 80' lang='lat' dir='ltr'><strong>vis</strong></span> 
     </span>
     <span class='ocr_line' id='line_1_11' title="bbox 197 1043 1711 1100; baseline 0 -14"><span class='ocrx_word' id='word_1_90' title='bbox 197 1044 469 1100; x_wconf 78' lang='lat' dir='ltr'><strong>polluceto»;</strong></span> <span class='ocrx_word' id='word_1_91' title='bbox 508 1043 612 1086; x_wconf 89' lang='lat' dir='ltr'><strong>ibid.</strong></span> <span class='ocrx_word' id='word_1_92' title='bbox 653 1044 722 1093; x_wconf 86' lang='lat'><strong>50,</strong></span> <span class='ocrx_word' id='word_1_93' title='bbox 766 1045 817 1085; x_wconf 74' lang='lat'><strong>02:</strong></span> <span class='ocrx_word' id='word_1_94' title='bbox 851 1044 962 1087; x_wconf 86' lang='lat' dir='ltr'><strong>«Ubi</strong></span> <span class='ocrx_word' id='word_1_95' title='bbox 1000 1043 1110 1099; x_wconf 88' lang='lat' dir='ltr'><strong>daps</strong></span> <span class='ocrx_word' id='word_1_96' title='bbox 1151 1045 1389 1099; x_wconf 86' lang='lat' dir='ltr'><strong>profanata</strong></span> <span class='ocrx_word' id='word_1_97' title='bbox 1425 1047 1711 1098; x_wconf 85' lang='lat' dir='ltr'><strong>comestaque</strong></span> 
     </span>
     <span class='ocr_line' id='line_1_12' title="bbox 201 1120 1707 1175; baseline 0 -11"><span class='ocrx_word' id='word_1_98' title='bbox 201 1123 296 1166; x_wconf 67' lang='lat' dir='ltr'><strong>erit,</strong></span> <span class='ocrx_word' id='word_1_99' title='bbox 323 1135 461 1163; x_wconf 87' lang='lat' dir='ltr'><strong>verno</strong></span> <span class='ocrx_word' id='word_1_100' title='bbox 489 1134 613 1163; x_wconf 84' lang='lat' dir='ltr'><strong>arare</strong></span> <span class='ocrx_word' id='word_1_101' title='bbox 638 1120 870 1175; x_wconf 82' lang='lat' dir='ltr'><strong>incipito».</strong></span> <span class='ocrx_word' id='word_1_102' title='bbox 898 1146 957 1150; x_wconf 93' lang='lat'><strong>—</strong></span> <span class='ocrx_word' id='word_1_103' title='bbox 982 1124 1184 1173; x_wconf 69' lang='lat' dir='ltr'><strong>cunctos,</strong></span> <span class='ocrx_word' id='word_1_104' title='bbox 1210 1125 1351 1164; x_wconf 85' lang='lat' dir='ltr'><strong>totam</strong></span> <span class='ocrx_word' id='word_1_105' title='bbox 1391 1122 1625 1164; x_wconf 87' lang='lat' dir='ltr'><strong>familiam.</strong></span> <span class='ocrx_word' id='word_1_106' title='bbox 1653 1146 1707 1150; x_wconf 90' lang='lat'><strong>——</strong></span> 
     </span>
     <span class='ocr_line' id='line_1_13' title="bbox 200 1197 1711 1250; baseline -0.001 -8"><span class='ocrx_word' id='word_1_107' title='bbox 200 1197 261 1242; x_wconf 83' lang='lat' dir='ltr'><strong>At</strong></span> <span class='ocrx_word' id='word_1_108' title='bbox 297 1198 418 1242; x_wconf 80' lang='lat' dir='ltr'><strong>iuvet</strong></span> <span class='ocrx_word' id='word_1_109' title='bbox 465 1198 515 1241; x_wconf 81' lang='lat' dir='ltr'><strong>in</strong></span> <span class='ocrx_word' id='word_1_110' title='bbox 556 1199 651 1242; x_wconf 84' lang='lat' dir='ltr'><strong>tota</strong></span> <span class='ocrx_word' id='word_1_111' title='bbox 687 1211 757 1241; x_wconf 75' lang='lat' dir='ltr'><strong>me</strong></span> <span class='ocrx_word' id='word_1_112' title='bbox 797 1197 918 1240; x_wconf 75' lang='lat' dir='ltr'><strong>nihil</strong></span> <span class='ocrx_word' id='word_1_113' title='bbox 955 1211 1054 1242; x_wconf 80' lang='lat' dir='ltr'><strong>esse</strong></span> <span class='ocrx_word' id='word_1_114' title='bbox 1091 1198 1242 1250; x_wconf 84' lang='lat' dir='ltr'><strong>domo,</strong></span> <span class='ocrx_word' id='word_1_115' title='bbox 1282 1199 1338 1242; x_wconf 84' lang='lat' dir='ltr'><strong>ad</strong></span> <span class='ocrx_word' id='word_1_116' title='bbox 1374 1200 1494 1241; x_wconf 91' lang='lat' dir='ltr'><strong>hunc</strong></span> <span class='ocrx_word' id='word_1_117' title='bbox 1532 1212 1711 1241; x_wconf 85' lang='lat' dir='ltr'><strong>versum</strong></span> 
     </span>
     <span class='ocr_line' id='line_1_14' title="bbox 199 1274 1712 1319; baseline 0 -1"><span class='ocrx_word' id='word_1_118' title='bbox 199 1275 360 1318; x_wconf 83' lang='lat' dir='ltr'><strong>alludit</strong></span> <span class='ocrx_word' id='word_1_119' title='bbox 384 1274 578 1317; x_wconf 85' lang='lat' dir='ltr'><strong>Martial.</strong></span> <span class='ocrx_word' id='word_1_120' title='bbox 607 1274 719 1317; x_wconf 80' lang='lat' dir='ltr'><strong>XIV.</strong></span> <span class='ocrx_word' id='word_1_121' title='bbox 754 1276 863 1318; x_wconf 67' lang='lat'>192:</span> <span class='ocrx_word' id='word_1_122' title='bbox 887 1275 1038 1318; x_wconf 86' lang='lat' dir='ltr'><strong>«Ussit</strong></span> <span class='ocrx_word' id='word_1_123' title='bbox 1054 1277 1300 1318; x_wconf 74' lang='lat' dir='ltr'><strong>amatorem</strong></span> <span class='ocrx_word' id='word_1_124' title='bbox 1317 1277 1519 1319; x_wconf 79' lang='lat' dir='ltr'><strong>Nemesis</strong></span> <span class='ocrx_word' id='word_1_125' title='bbox 1545 1276 1712 1318; x_wconf 85' lang='lat' dir='ltr'><strong>lasciva</strong></span> 
     </span>
     <span class='ocr_line' id='line_1_15' title="bbox 199 1342 1409 1410; baseline 0 -14"><span class='ocrx_word' id='word_1_126' title='bbox 199 1353 438 1403; x_wconf 86' lang='lat' dir='ltr'><strong>Tibullum,</strong></span> <span class='ocrx_word' id='word_1_127' title='bbox 466 1353 520 1394; x_wconf 93' lang='lat' dir='ltr'><strong>In</strong></span> <span class='ocrx_word' id='word_1_128' title='bbox 546 1355 641 1394; x_wconf 88' lang='lat' dir='ltr'><strong>tota</strong></span> <span class='ocrx_word' id='word_1_129' title='bbox 666 1342 780 1395; x_wconf 85' lang='lat' dir='ltr'><strong>iuvit</strong></span> <span class='ocrx_word' id='word_1_130' title='bbox 807 1367 938 1410; x_wconf 85' lang='lat' dir='ltr'><strong>quem</strong></span> <span class='ocrx_word' id='word_1_131' title='bbox 963 1354 1082 1395; x_wconf 91' lang='lat' dir='ltr'><strong>nihil</strong></span> <span class='ocrx_word' id='word_1_132' title='bbox 1109 1367 1206 1396; x_wconf 87' lang='lat' dir='ltr'><strong>esse</strong></span> <span class='ocrx_word' id='word_1_133' title='bbox 1232 1353 1409 1396; x_wconf 80' lang='lat' dir='ltr'><strong>domo».</strong></span> 
     </span>
    </p>

    <p class='ocr_par' dir='ltr' id='par_1_3' title="bbox 198 1430 1714 2799">
     <span class='ocr_line' id='line_1_16' title="bbox 259 1430 1712 1486; baseline -0.001 -13"><span class='ocrx_word' id='word_1_134' title='bbox 259 1431 308 1473; x_wconf 84' lang='lat' dir='ltr'><strong>V.</strong></span> <span class='ocrx_word' id='word_1_135' title='bbox 339 1433 527 1474; x_wconf 85' lang='lat'><strong>31-—36.</strong></span> <span class='ocrx_word' id='word_1_136' title='bbox 547 1430 777 1482; x_wconf 81' lang='lat' dir='ltr'><strong>detrahat,</strong></span> <span class='ocrx_word' id='word_1_137' title='bbox 802 1431 1021 1486; x_wconf 75' lang='lat' dir='ltr'><strong>decerpat.</strong></span> <span class='ocrx_word' id='word_1_138' title='bbox 1038 1456 1097 1460; x_wconf 94' lang='lat'>—</span> <span class='ocrx_word' id='word_1_139' title='bbox 1112 1433 1249 1482; x_wconf 77' lang='lat' dir='ltr'><strong>curet,</strong></span> <span class='ocrx_word' id='word_1_140' title='bbox 1270 1431 1472 1473; x_wconf 82' lang='lat' dir='ltr'><strong>absolute</strong></span> <span class='ocrx_word' id='word_1_141' title='bbox 1489 1431 1712 1486; x_wconf 84' lang='lat' dir='ltr'><strong>positum:</strong></span> 
     </span>
     <span class='ocr_line' id='line_1_17' title="bbox 199 1508 1713 1564; baseline -0.003 -9"><span class='ocrx_word' id='word_1_142' title='bbox 199 1511 325 1555; x_wconf 76' lang='lat' dir='ltr'><strong>emet</strong></span> <span class='ocrx_word' id='word_1_143' title='bbox 365 1510 531 1559; x_wconf 86' lang='lat' dir='ltr'><strong>omnia,</strong></span> <span class='ocrx_word' id='word_1_144' title='bbox 580 1523 676 1564; x_wconf 85' lang='lat' dir='ltr'><strong>quae</strong></span> <span class='ocrx_word' id='word_1_145' title='bbox 725 1509 780 1550; x_wconf 86' lang='lat' dir='ltr'><strong>ad</strong></span> <span class='ocrx_word' id='word_1_146' title='bbox 826 1508 1053 1563; x_wconf 87' lang='lat' dir='ltr'><strong>hospitem</strong></span> <span class='ocrx_word' id='word_1_147' title='bbox 1100 1508 1414 1562; x_wconf 85' lang='lat' dir='ltr'><strong>excipiendum</strong></span> <span class='ocrx_word' id='word_1_148' title='bbox 1459 1509 1713 1551; x_wconf 82' lang='lat' dir='ltr'><strong>necessaria</strong></span> 
     </span>
     <span class='ocr_line' id='line_1_18' title="bbox 201 1584 1713 1636; baseline 0 -8"><span class='ocrx_word' id='word_1_149' title='bbox 201 1589 332 1636; x_wconf 85' lang='lat' dir='ltr'><strong>sunt;</strong></span> <span class='ocrx_word' id='word_1_150' title='bbox 372 1587 424 1629; x_wconf 83' lang='lat' dir='ltr'><strong>cf.</strong></span> <span class='ocrx_word' id='word_1_151' title='bbox 466 1586 561 1629; x_wconf 87' lang='lat' dir='ltr'><strong>Ter.</strong></span> <span class='ocrx_word' id='word_1_152' title='bbox 590 1586 725 1628; x_wconf 89' lang='lat' dir='ltr'><strong>Andr.</strong></span> <span class='ocrx_word' id='word_1_153' title='bbox 759 1586 1020 1628; x_wconf 84' lang='lat'>170—171:</span> <span class='ocrx_word' id='word_1_154' title='bbox 1053 1584 1156 1628; x_wconf 72' lang='lat' dir='ltr'><strong>«Sat</strong></span> <span class='ocrx_word' id='word_1_155' title='bbox 1195 1588 1287 1628; x_wconf 87' lang='lat' dir='ltr'><strong>est:</strong></span> <span class='ocrx_word' id='word_1_156' title='bbox 1326 1585 1491 1628; x_wconf 87' lang='lat' dir='ltr'><strong>curabo</strong></span> <span class='ocrx_word' id='word_1_157' title='bbox 1508 1602 1527 1628; x_wconf 78' lang='grc' dir='ltr'><strong>ε·</strong></span> <span class='ocrx_word' id='word_1_158' title='bbox 1558 1599 1713 1628; x_wconf 90' lang='lat' dir='ltr'><strong>eamus</strong></span> 
     </span>
     <span class='ocr_line' id='line_1_19' title="bbox 198 1662 1711 1715; baseline -0.001 -9"><span class='ocrx_word' id='word_1_159' title='bbox 198 1664 414 1706; x_wconf 81' lang='lat' dir='ltr'><strong>nunciam</strong></span> <span class='ocrx_word' id='word_1_160' title='bbox 446 1664 611 1713; x_wconf 83' lang='lat' dir='ltr'><strong>intro»;</strong></span> <span class='ocrx_word' id='word_1_161' title='bbox 652 1662 832 1706; x_wconf 79' lang='lat' dir='ltr'><strong>Sallust.</strong></span> <span class='ocrx_word' id='word_1_162' title='bbox 862 1663 990 1706; x_wconf 85' lang='lat' dir='ltr'><strong>Catil.</strong></span> <span class='ocrx_word' id='word_1_163' title='bbox 1020 1664 1103 1706; x_wconf 84' lang='lat'><strong>59:</strong></span> <span class='ocrx_word' id='word_1_164' title='bbox 1138 1662 1390 1715; x_wconf 72' lang='lat' dir='ltr'><strong>11(Catilina)</strong></span> <span class='ocrx_word' id='word_1_165' title='bbox 1416 1662 1639 1705; x_wconf 78' lang='lat' dir='ltr'><strong>Manlium</strong></span> <span class='ocrx_word' id='word_1_166' title='bbox 1665 1663 1711 1704; x_wconf 92' lang='lat' dir='ltr'><strong>in</strong></span> 
     </span>
     <span class='ocr_line' id='line_1_20' title="bbox 201 1741 1711 1795; baseline -0.001 -12"><span class='ocrx_word' id='word_1_167' title='bbox 201 1742 365 1790; x_wconf 83' lang='lat' dir='ltr'><strong>dextra,</strong></span> <span class='ocrx_word' id='word_1_168' title='bbox 416 1741 706 1783; x_wconf 86' lang='lat' dir='ltr'><strong>Faesulanum</strong></span> <span class='ocrx_word' id='word_1_169' title='bbox 763 1741 987 1795; x_wconf 83' lang='lat' dir='ltr'><strong>quendam</strong></span> <span class='ocrx_word' id='word_1_170' title='bbox 1038 1741 1087 1782; x_wconf 93' lang='lat' dir='ltr'><strong>in</strong></span> <span class='ocrx_word' id='word_1_171' title='bbox 1138 1741 1322 1782; x_wconf 87' lang='lat' dir='ltr'><strong>sinistra</strong></span> <span class='ocrx_word' id='word_1_172' title='bbox 1374 1744 1502 1795; x_wconf 87' lang='lat' dir='ltr'><strong>parte</strong></span> <span class='ocrx_word' id='word_1_173' title='bbox 1558 1754 1711 1782; x_wconf 86' lang='lat' dir='ltr'><strong>curare</strong></span> 
     </span>
     <span class='ocr_line' id='line_1_21' title="bbox 200 1817 1710 1875; baseline -0.001 -14"><span class='ocrx_word' id='word_1_174' title='bbox 200 1819 367 1861; x_wconf 78' lang='lat' dir='ltr'><strong>iubet».</strong></span> <span class='ocrx_word' id='word_1_175' title='bbox 395 1843 452 1847; x_wconf 73' lang='lat'><strong>——</strong></span> <span class='ocrx_word' id='word_1_176' title='bbox 487 1817 612 1861; x_wconf 79' lang='lat' dir='ltr'><strong>Tunc</strong></span> <span class='ocrx_word' id='word_1_177' title='bbox 644 1820 778 1874; x_wconf 81' lang='lat' dir='ltr'><strong>paret</strong></span> <span class='ocrx_word' id='word_1_178' title='bbox 805 1821 943 1875; x_wconf 83' lang='lat' dir='ltr'><strong>atque</strong></span> <span class='ocrx_word' id='word_1_179' title='bbox 982 1819 1141 1874; x_wconf 80' lang='lat' dir='ltr'><strong>epulas</strong></span> <span class='ocrx_word' id='word_1_180' title='bbox 1177 1818 1285 1872; x_wconf 82' lang='lat' dir='ltr'><strong>ipsa</strong></span> <span class='ocrx_word' id='word_1_181' title='bbox 1324 1818 1543 1860; x_wconf 80' lang='lat' dir='ltr'><strong>ministra</strong></span> <span class='ocrx_word' id='word_1_182' title='bbox 1567 1820 1710 1874; x_wconf 73' lang='lat' dir='ltr'><strong>yerat‚</strong></span> 
     </span>
     <span class='ocr_line' id='line_1_22' title="bbox 200 1895 1711 1952; baseline -0.001 -13"><span class='ocrx_word' id='word_1_183' title='bbox 200 1897 229 1939; x_wconf 86' lang='lat' dir='ltr'><strong>i.</strong></span> <span class='ocrx_word' id='word_1_184' title='bbox 258 1910 294 1938; x_wconf 88' lang='lat' dir='ltr'><strong>e.</strong></span> <span class='ocrx_word' id='word_1_185' title='bbox 321 1898 448 1952; x_wconf 88' lang='lat' dir='ltr'><strong>paret</strong></span> <span class='ocrx_word' id='word_1_186' title='bbox 475 1895 631 1949; x_wconf 81' lang='lat' dir='ltr'><strong>epulas</strong></span> <span class='ocrx_word' id='word_1_187' title='bbox 658 1908 820 1948; x_wconf 84' lang='lat' dir='ltr'><strong>easque</strong></span> <span class='ocrx_word' id='word_1_188' title='bbox 846 1895 946 1950; x_wconf 87' lang='lat' dir='ltr'><strong>ipsa</strong></span> <span class='ocrx_word' id='word_1_189' title='bbox 961 1898 1112 1949; x_wconf 83' lang='lat' dir='ltr'><strong>gerat;</strong></span> <span class='ocrx_word' id='word_1_190' title='bbox 1140 1897 1471 1939; x_wconf 85' lang='lat' dir='ltr'><strong>substantivum</strong></span> <span class='ocrx_word' id='word_1_191' title='bbox 1494 1896 1711 1938; x_wconf 89' lang='lat' dir='ltr'><strong>ambobus</strong></span> 
     </span>
     <span class='ocr_line' id='line_1_23' title="bbox 201 1972 1711 2028; baseline 0 -13"><span class='ocrx_word' id='word_1_192' title='bbox 201 1973 349 2015; x_wconf 88' lang='lat' dir='ltr'><strong>verbis</strong></span> <span class='ocrx_word' id='word_1_193' title='bbox 395 1985 634 2015; x_wconf 85' lang='lat' dir='ltr'><strong>commune</strong></span> <span class='ocrx_word' id='word_1_194' title='bbox 671 1972 721 2013; x_wconf 92' lang='lat' dir='ltr'><strong>in</strong></span> <span class='ocrx_word' id='word_1_195' title='bbox 759 1972 955 2014; x_wconf 89' lang='lat' dir='ltr'><strong>secundo</strong></span> <span class='ocrx_word' id='word_1_196' title='bbox 1000 1973 1202 2015; x_wconf 90' lang='lat' dir='ltr'><strong>membro</strong></span> <span class='ocrx_word' id='word_1_197' title='bbox 1249 1974 1460 2028; x_wconf 88' lang='lat' dir='ltr'><strong>positum,</strong></span> <span class='ocrx_word' id='word_1_198' title='bbox 1503 1975 1554 2014; x_wconf 91' lang='lat' dir='ltr'><strong>ut</strong></span> <span class='ocrx_word' id='word_1_199' title='bbox 1593 1974 1626 2015; x_wconf 92' lang='lat' dir='ltr'><strong>I.</strong></span> <span class='ocrx_word' id='word_1_200' title='bbox 1670 1975 1711 2024; x_wconf 71' lang='lat'><strong>2,</strong></span> 
     </span>
     <span class='ocr_line' id='line_1_24' title="bbox 205 2049 1714 2103; baseline -0.001 -10"><span class='ocrx_word' id='word_1_201' title='bbox 205 2051 408 2093; x_wconf 74' lang='lat'>39—-402</span> <span class='ocrx_word' id='word_1_202' title='bbox 442 2050 504 2091; x_wconf 81' lang='lat' dir='ltr'><strong>«is</strong></span> <span class='ocrx_word' id='word_1_203' title='bbox 544 2050 765 2103; x_wconf 83' lang='lat' dir='ltr'><strong>sanguine</strong></span> <span class='ocrx_word' id='word_1_204' title='bbox 803 2053 970 2094; x_wconf 86' lang='lat' dir='ltr'><strong>natam.</strong></span> <span class='ocrx_word' id='word_1_205' title='bbox 1000 2049 1044 2091; x_wconf 88' lang='lat' dir='ltr'><strong>Is</strong></span> <span class='ocrx_word' id='word_1_206' title='bbox 1070 2049 1290 2092; x_wconf 82' lang='lat' dir='ltr'><strong>Venerem</strong></span> <span class='ocrx_word' id='word_1_207' title='bbox 1317 2063 1340 2091; x_wconf 85' lang='lat' dir='ltr'><strong>e</strong></span> <span class='ocrx_word' id='word_1_208' title='bbox 1366 2049 1521 2091; x_wconf 82' lang='lat' dir='ltr'><strong>rabido</strong></span> <span class='ocrx_word' id='word_1_209' title='bbox 1549 2050 1714 2091; x_wconf 88' lang='lat' dir='ltr'><strong>sentiet</strong></span> 
     </span>
     <span class='ocr_line' id='line_1_25' title="bbox 203 2125 1713 2180; baseline -0.001 -9"><span class='ocrx_word' id='word_1_210' title='bbox 203 2141 301 2171; x_wconf 86' lang='lat' dir='ltr'><strong>esse</strong></span> <span class='ocrx_word' id='word_1_211' title='bbox 327 2127 466 2169; x_wconf 80' lang='lat' dir='ltr'><strong>mari»</strong></span> <span class='ocrx_word' id='word_1_212' title='bbox 499 2129 543 2168; x_wconf 89' lang='lat' dir='ltr'><strong>et</strong></span> <span class='ocrx_word' id='word_1_213' title='bbox 568 2127 600 2168; x_wconf 91' lang='lat' dir='ltr'>L</span> <span class='ocrx_word' id='word_1_214' title='bbox 631 2127 670 2176; x_wconf 89' lang='grc'><strong>6,</strong></span> <span class='ocrx_word' id='word_1_215' title='bbox 699 2127 904 2169; x_wconf 69' lang='lat'>81—82:</span> <span class='ocrx_word' id='word_1_216' title='bbox 937 2126 1091 2168; x_wconf 79' lang='lat' dir='ltr'><strong>«Hanc</strong></span> <span class='ocrx_word' id='word_1_217' title='bbox 1122 2129 1273 2169; x_wconf 88' lang='lat' dir='ltr'><strong>animo</strong></span> <span class='ocrx_word' id='word_1_218' title='bbox 1312 2126 1533 2180; x_wconf 79' lang='lat' dir='ltr'><strong>gaudente</strong></span> <span class='ocrx_word' id='word_1_219' title='bbox 1558 2125 1713 2169; x_wconf 81' lang='lat' dir='ltr'><strong>vident</strong></span> 
     </span>
     <span class='ocr_line' id='line_1_26' title="bbox 202 2203 1712 2258; baseline -0.001 -11"><span class='ocrx_word' id='word_1_220' title='bbox 202 2206 504 2258; x_wconf 86' lang='lat' dir='ltr'><strong>iuvenumque</strong></span> <span class='ocrx_word' id='word_1_221' title='bbox 542 2207 727 2246; x_wconf 82' lang='lat' dir='ltr'><strong>catervae</strong></span> <span class='ocrx_word' id='word_1_222' title='bbox 754 2203 1119 2246; x_wconf 89' lang='lat' dir='ltr'><strong>Commemorant</strong></span> <span class='ocrx_word' id='word_1_223' title='bbox 1144 2204 1305 2245; x_wconf 90' lang='lat' dir='ltr'><strong>merito</strong></span> <span class='ocrx_word' id='word_1_224' title='bbox 1342 2206 1410 2245; x_wconf 88' lang='lat' dir='ltr'><strong>tot</strong></span> <span class='ocrx_word' id='word_1_225' title='bbox 1441 2203 1561 2245; x_wconf 78' lang='lat' dir='ltr'><strong>mala</strong></span> <span class='ocrx_word' id='word_1_226' title='bbox 1598 2204 1712 2245; x_wconf 86' lang='lat' dir='ltr'><strong>ferre</strong></span> 
     </span>
     <span class='ocr_line' id='line_1_27' title="bbox 204 2279 1710 2335; baseline 0 -11"><span class='ocrx_word' id='word_1_227' title='bbox 204 2296 383 2324; x_wconf 80' lang='lat' dir='ltr'><strong>senem»</strong></span> <span class='ocrx_word' id='word_1_228' title='bbox 417 2284 461 2323; x_wconf 90' lang='lat' dir='ltr'><strong>et</strong></span> <span class='ocrx_word' id='word_1_229' title='bbox 487 2281 520 2322; x_wconf 95' lang='grc' dir='ltr'><strong>Ι.</strong></span> <span class='ocrx_word' id='word_1_230' title='bbox 551 2282 590 2328; x_wconf 73' lang='lat'><strong>2,</strong></span> <span class='ocrx_word' id='word_1_231' title='bbox 619 2281 822 2322; x_wconf 84' lang='lat'><strong>93—94:</strong></span> <span class='ocrx_word' id='word_1_232' title='bbox 855 2280 1006 2323; x_wconf 83' lang='lat' dir='ltr'><strong>«Stare</strong></span> <span class='ocrx_word' id='word_1_233' title='bbox 1043 2293 1126 2322; x_wconf 89' lang='lat' dir='ltr'><strong>nec</strong></span> <span class='ocrx_word' id='word_1_234' title='bbox 1153 2283 1257 2322; x_wconf 86' lang='lat' dir='ltr'><strong>ante</strong></span> <span class='ocrx_word' id='word_1_235' title='bbox 1296 2281 1413 2322; x_wconf 87' lang='lat' dir='ltr'><strong>fores</strong></span> <span class='ocrx_word' id='word_1_236' title='bbox 1454 2279 1615 2335; x_wconf 90' lang='lat' dir='ltr'><strong>puduit</strong></span> <span class='ocrx_word' id='word_1_237' title='bbox 1641 2294 1710 2324; x_wconf 83' lang='lat' dir='ltr'><strong>ca·</strong></span> 
     </span>
     <span class='ocr_line' id='line_1_28' title="bbox 205 2358 1710 2413; baseline 0.001 -12"><span class='ocrx_word' id='word_1_238' title='bbox 205 2372 318 2401; x_wconf 82' lang='lat' dir='ltr'><strong>raeve</strong></span> <span class='ocrx_word' id='word_1_239' title='bbox 343 2359 505 2413; x_wconf 87' lang='lat' dir='ltr'><strong>puellae</strong></span> <span class='ocrx_word' id='word_1_240' title='bbox 531 2358 752 2400; x_wconf 83' lang='lat' dir='ltr'><strong>Ancillam</strong></span> <span class='ocrx_word' id='word_1_241' title='bbox 779 2358 926 2401; x_wconf 87' lang='lat' dir='ltr'><strong>medio</strong></span> <span class='ocrx_word' id='word_1_242' title='bbox 953 2358 1200 2401; x_wconf 84' lang='lat' dir='ltr'><strong>detinuisse</strong></span> <span class='ocrx_word' id='word_1_243' title='bbox 1227 2359 1366 2400; x_wconf 84' lang='lat' dir='ltr'><strong>foro».</strong></span> <span class='ocrx_word' id='word_1_244' title='bbox 1394 2383 1452 2386; x_wconf 97' lang='lat'><strong>—</strong></span> <span class='ocrx_word' id='word_1_245' title='bbox 1478 2358 1710 2411; x_wconf 77' lang='lat' dir='ltr'><strong>ministra,</strong></span> 
     </span>
     <span class='ocr_line' id='line_1_29' title="bbox 203 2435 1712 2495; baseline 0 -17"><span class='ocrx_word' id='word_1_246' title='bbox 203 2439 432 2491; x_wconf 77' lang='lat' dir='ltr'><strong>tamquam</strong></span> <span class='ocrx_word' id='word_1_247' title='bbox 460 2435 694 2484; x_wconf 87' lang='lat' dir='ltr'><strong>ministra;</strong></span> <span class='ocrx_word' id='word_1_248' title='bbox 722 2435 774 2477; x_wconf 76' lang='lat' dir='ltr'><strong>cf.</strong></span> <span class='ocrx_word' id='word_1_249' title='bbox 803 2435 904 2478; x_wconf 83' lang='lat' dir='ltr'><strong>adn.</strong></span> <span class='ocrx_word' id='word_1_250' title='bbox 933 2435 989 2477; x_wconf 87' lang='lat' dir='ltr'><strong>ad</strong></span> <span class='ocrx_word' id='word_1_251' title='bbox 1014 2436 1047 2478; x_wconf 93' lang='grc' dir='ltr'><strong>Ι.</strong></span> <span class='ocrx_word' id='word_1_252' title='bbox 1082 2437 1118 2486; x_wconf 91' lang='grc'><strong>1,</strong></span> <span class='ocrx_word' id='word_1_253' title='bbox 1146 2437 1198 2478; x_wconf 86' lang='grc'><strong>8;</strong></span> <span class='ocrx_word' id='word_1_254' title='bbox 1232 2435 1507 2495; x_wconf 71' lang='lat' dir='ltr'><strong>«Rusticus».</strong></span> <span class='ocrx_word' id='word_1_255' title='bbox 1527 2459 1585 2464; x_wconf 85' lang='lat'><strong>—</strong></span> <span class='ocrx_word' id='word_1_256' title='bbox 1610 2448 1712 2491; x_wconf 82' lang='lat' dir='ltr'><strong>quae</strong></span> 
     </span>
     <span class='ocr_line' id='line_1_30' title="bbox 205 2510 1708 2574; baseline -0.003 -17"><span class='ocrx_word' id='word_1_257' title='bbox 205 2526 329 2557; x_wconf 77' lang='lat' dir='ltr'><strong>nunc</strong></span> <span class='ocrx_word' id='word_1_258' title='bbox 355 2525 585 2569; x_wconf 67' lang='lat' dir='ltr'><strong>eurusque</strong></span> <span class='ocrx_word' id='word_1_259' title='bbox 610 2514 836 2569; x_wconf 52' lang='lat' dir='ltr'><strong>‘notusque</strong></span> <span class='ocrx_word' id='word_1_260' title='bbox 871 2511 1014 2556; x_wconf 79' lang='lat' dir='ltr'><strong>Iactat</strong></span> <span class='ocrx_word' id='word_1_261' title='bbox 1051 2511 1266 2556; x_wconf 79' lang='lat' dir='ltr'><strong>odoratos</strong></span> <span class='ocrx_word' id='word_1_262' title='bbox 1294 2514 1411 2574; x_wconf 51' lang='lat' dir='ltr'><strong>uota¹</strong></span> <span class='ocrx_word' id='word_1_263' title='bbox 1430 2523 1517 2567; x_wconf 76' lang='lat' dir='ltr'><strong>per</strong></span> <span class='ocrx_word' id='word_1_264' title='bbox 1541 2510 1708 2554; x_wconf 77' lang='lat' dir='ltr'><strong>Arme-</strong></span> 
     </span>
     <span class='ocr_line' id='line_1_31' title="bbox 205 2589 1708 2645; baseline -0.003 -10"><span class='ocrx_word' id='word_1_265' title='bbox 205 2591 324 2643; x_wconf 79' lang='lat' dir='ltr'><strong>nios,</strong></span> <span class='ocrx_word' id='word_1_266' title='bbox 349 2589 619 2645; x_wconf 80' lang='lat' dir='ltr'><strong>proverbiali</strong></span> <span class='ocrx_word' id='word_1_267' title='bbox 645 2589 873 2632; x_wconf 87' lang='lat' dir='ltr'><strong>locut-ione</strong></span> <span class='ocrx_word' id='word_1_268' title='bbox 899 2589 1109 2632; x_wconf 88' lang='lat' dir='ltr'><strong>dicuntur</strong></span> <span class='ocrx_word' id='word_1_269' title='bbox 1134 2590 1301 2640; x_wconf 83' lang='lat' dir='ltr'><strong>omnia,</strong></span> <span class='ocrx_word' id='word_1_270' title='bbox 1329 2603 1425 2644; x_wconf 82' lang='lat' dir='ltr'><strong>quae</strong></span> <span class='ocrx_word' id='word_1_271' title='bbox 1452 2589 1507 2631; x_wconf 88' lang='lat' dir='ltr'><strong>ad</strong></span> <span class='ocrx_word' id='word_1_272' title='bbox 1533 2589 1708 2630; x_wconf 85' lang='lat' dir='ltr'><strong>irritum</strong></span> 
     </span>
     <span class='ocr_line' id='line_1_32' title="bbox 204 2666 1710 2718; baseline -0.003 -7"><span class='ocrx_word' id='word_1_273' title='bbox 204 2668 383 2718; x_wconf 79' lang='lat' dir='ltr'><strong>cadunt,</strong></span> <span class='ocrx_word' id='word_1_274' title='bbox 425 2668 573 2710; x_wconf 85' lang='lat' dir='ltr'><strong>ventis</strong></span> <span class='ocrx_word' id='word_1_275' title='bbox 615 2667 792 2716; x_wconf 83' lang='lat' dir='ltr'><strong>auferri,</strong></span> <span class='ocrx_word' id='word_1_276' title='bbox 834 2669 885 2709; x_wconf 89' lang='lat' dir='ltr'><strong>ut</strong></span> <span class='ocrx_word' id='word_1_277' title='bbox 923 2667 1118 2710; x_wconf 75' lang='lat' dir='ltr'><strong>vidimus</strong></span> <span class='ocrx_word' id='word_1_278' title='bbox 1159 2668 1208 2708; x_wconf 91' lang='lat' dir='ltr'><strong>in</strong></span> <span class='ocrx_word' id='word_1_279' title='bbox 1248 2666 1350 2709; x_wconf 83' lang='lat' dir='ltr'><strong>adn.</strong></span> <span class='ocrx_word' id='word_1_280' title='bbox 1391 2667 1447 2709; x_wconf 87' lang='lat' dir='ltr'><strong>ad</strong></span> <span class='ocrx_word' id='word_1_281' title='bbox 1484 2666 1517 2708; x_wconf 89' lang='grc' dir='ltr'><strong>Ι.</strong></span> <span class='ocrx_word' id='word_1_282' title='bbox 1559 2668 1598 2714; x_wconf 79' lang='lat'><strong>4,</strong></span> <span class='ocrx_word' id='word_1_283' title='bbox 1629 2667 1710 2707; x_wconf 69' lang='lat'><strong>21:</strong></span> 
     </span>
     <span class='ocr_line' id='line_1_33' title="bbox 212 2743 1709 2799; baseline 0.001 -16"><span class='ocrx_word' id='word_1_284' title='bbox 212 2744 424 2787; x_wconf 74' lang='lat' dir='ltr'><strong>«Veneris</strong></span> <span class='ocrx_word' id='word_1_285' title='bbox 461 2744 658 2799; x_wconf 84' lang='lat' dir='ltr'><strong>periuria</strong></span> <span class='ocrx_word' id='word_1_286' title='bbox 694 2744 840 2785; x_wconf 81' lang='lat' dir='ltr'><strong>venti»</strong></span> <span class='ocrx_word' id='word_1_287' title='bbox 883 2746 963 2786; x_wconf 88' lang='lat' dir='ltr'><strong>etc.</strong></span> <span class='ocrx_word' id='word_1_288' title='bbox 1002 2743 1227 2787; x_wconf 84' lang='lat' dir='ltr'><strong>Tibullum</strong></span> <span class='ocrx_word' id='word_1_289' title='bbox 1266 2745 1465 2786; x_wconf 78' lang='lat' dir='ltr'><strong>imitatur</strong></span> <span class='ocrx_word' id='word_1_290' title='bbox 1504 2743 1640 2797; x_wconf 80' lang='lat' dir='ltr'><strong>Lygd.</strong></span> <span class='ocrx_word' id='word_1_291' title='bbox 1669 2745 1709 2791; x_wconf 83' lang='lat'><strong>6,</strong></span> 
     </span>
    </p>

    <p class='ocr_par' dir='ltr' id='par_1_4' title="bbox 1501 2825 1565 2858">
     <span class='ocr_line' id='line_1_34' title="bbox 1501 2825 1565 2858; baseline 0 0"><span class='ocrx_word' id='word_1_292' title='bbox 1501 2825 1565 2858; x_wconf 85' lang='lat'><strong>10*</strong></span> 
     </span>
    </p>
   </div>
  </div>
 </body>
</html>
