1942 3132
260 221 306 255 86
831 235 888 263 AD
908 235 939 264 1.
962 233 995 270 8,
1021 233 1187 263 27—38.

262 353 483 395 sententia
521 352 640 394 infra
664 352 698 393 I.
727 353 766 402 5,
794 352 998 393 43m44:
1027 351 1151 392 «Non
1190 351 1296 392 facit
1333 351 1418 391 hoc
1454 350 1611 400 verbis,
1652 350 1763 392 facie

259 429 514 482 tenerisque
541 428 717 469 lacertis
742 426 941 469 Devovet
957 430 1000 468 et
1023 426 1152 468 flavis
1169 430 1323 468 nostra
1339 426 1490 480 puella
1507 427 1688 468 comis».
1703 451 1764 455 --

259 505 427 548 misero
466 516 653 546 carmen
689 503 915 554 nocuisse,
955 502 1066 558 quid
1106 501 1287 553 herbas,
1313 505 1364 544 ut
1402 502 1519 544 infra
1544 502 1576 543 I.
1608 504 1645 552 Ξ,
1676 504 1760 545 60:

265 580 494 622 «cantibus
522 582 599 621 aut
623 578 828 628 herbis»;
854 579 1001 620 locum
1040 579 1241 620 imitatur
1268 578 1343 620 Ov.
1373 579 1470 619 Am.
1499 578 1576 619 III.
1608 580 1646 627 7,
1677 579 1760 620 28:

265 670 399 698 «num
436 656 601 697 misero
639 668 819 697 carmen
860 658 903 697 et
939 655 1076 697 herba
1114 658 1333 698 nocent?»
1365 680 1420 682 —
1449 655 1672 703 nocuisse,
1707 655 1761 696 de

258 733 419 786 magia,
446 735 497 774 ut
524 732 659 774 etiam
683 732 790 774 Hor.
821 730 908 773 Sat.
935 732 969 773 -Ι,
1000 734 1039 780 8,
1061 734 1128 774 22.
1149 732 1310 773 herbas
1327 732 1524 785 magicas
1550 735 1761 776 nocentes

257 811 412 859 vocat;
450 810 502 851 cf.
531 809 658 863 Prop.
686 808 741 849 II.
775 810 841 860 19,
872 809 952 850 32:
987 808 1129 860 «Quin
1168 822 1248 861 ego
1288 808 1336 849 in
1376 808 1556 849 assidua
1592 810 1761 850 motem

257 888 336 928 tua
367 885 552 927 nomina
588 885 756 937 lingua,
783 885 971 926 Absenti
1009 898 1141 926 nemo
1180 898 1236 925 ne
1274 885 1482 926 nocuisse
1508 884 1659 934 velit»,
1686 883 1763 926 ubi

258 962 497 1016 Cynthiam
523 975 550 1003 a
576 962 870 1003 fascinatione
909 961 1147 1002 defendere
1184 961 1290 1003 vult.
1322 986 1377 989 —-
1404 960 1570 1017 femori
1601 972 1760 1003 conse-

256 1039 407 1083 misse
432 1040 596 1096 femur,
623 1039 933 1092 intellegendae
963 1041 1067 1080 sunt
1091 1038 1280 1080 leviores
1304 1039 1530 1092 nequitiae,-
1548 1052 1642 1079 non
1659 1051 1762 1080 con-

257 1118 444 1167 cubitus,
475 1119 591 1172 quia,
630 1120 680 1159 ut
705 1118 823 1158 infra
847 1130 933 1158 vss.
964 1116 1151 1157 35ffl38.
1182 1116 1337 1165 elucet,
1366 1115 1535 1156 Pholoe
1560 1115 1762 1157 nondum

258 1194 327 1236 sui
353 1195 527 1248 copiam
554 1193 657 1234 fecit
681 1193 901 1233 Maratho.
932 1192 994 1234 Cf.
1016 1191 1092 1233 Ov.
1111 1192 1206 1232 Am.
1231 1192 1263 1232 Ι.
1285 1193 1326 1241 4,
1345 1193 1429 1233 43:
1463 1191 1575 1232 «Nec
1603 1190 1760 1233 femori

256 1271 484 1311 committe
499 1270 667 1310 femur»
688 1272 731 1310 et
743 1267 848 1309 Her.
863 1270 901 1318 02,
919 1269 1116 1310 57—58:
1138 1268 1291 1309 «lateri
1305 1267 1583 1308 conseruisse
1598 1267 1715 1308 latus
1725 1281 1758 1307 ».

314 1345 362 1387 V.
393 1347 581 1388 27—32.
610 1343 908 1399 Persequitur
925 1344 1089 1399 poenis
1118 1344 1270 1387 tristia
1294 1344 1419 1400 faeta
1444 1342 1482 1385 V
1482 1356 1611 1396 enus,
1639 1343 1759 1385 simi-

254 1423 311 1465 lis
339 1423 586 1464 admonitio
614 1423 720 1464 Hor.
751 1421 894 1464 Carm.
924 1422 1001 1463 ΠΙ.
1036 1424 1101 1472 10,
1132 1424 1303 1464 9—10:
1329 1423 1580 1477 «Ingratam
1596 1421 1760 1463 Veneri

254 1513 371 1553 pone
407 1499 674 1553 superbiam,
702 1499 767 1539 Ne
794 1502 997 1541 currente
1025 1502 1141 1540 retro
1170 1499 1291 1540 funis
1318 1502 1389 1540 eat
1415 1501 1555 1539 rota».
1585 1493 1642 1525 '—
1670 1496 1756 1539 tm·-

254 1574 346 1618 stia
370 1575 508 1631 faeta,
537 1575 744 1624 crudelia,
774 1579 823 1616 ut
847 1575 974 1629 Verg.
1004 1577 1110 1616 Aen.
1139 1575 1194 1616 II.
1212 1576 1312 1616 548.
1332 1587 1485 1616 —-nec
1511 1574 1755 1629 amplexas

255 1665 423 1708 aspera
452 1652 598 1695 barba
625 1653 741 1705 terit,
770 1653 845 1706 qui
869 1666 962 1694 non
988 1654 1093 1693 terit
1118 1652 1255 1694 barba
1280 1653 1463 1694 horrida
1489 1653 1759 1706 amplecten-

252 1733 344 1771 tem
370 1731 580 1783 puellam.
616 1730 679 1772 Cf.
718 1730 794 1771 Ov.
835 1730 956 1772 Fast.
989 1730 1068 1771 III.
1096 1732 1209 1772 496:
1256 1730 1512 1782 «amplexus
1550 1729 1758 1782 inquinat

254 1808 333 1848 illa
358 1810 483 1849 tuos»
515 1808 543 1849 i.
574 1822 610 1849 e.
637 1811 680 1848 te
709 1808 1068 1860 amplectentem.
1095 1799 1101 1805 ⁴

314 1882 363 1924 V.
395 1885 582 1925 33—38.
603 1882 661 1925 Et
677 1896 837 1939 regum
862 1895 1060 1939 maynae
1077 1882 1392 1938 despiciantur
1407 1894 1526 1937 opes,
1546 1882 1599 1922 cf.
1618 1880 1756 1934 Lygd.

256 1960 293 2008 3,
323 1961 405 2001 24:
439 1960 520 2001 «At
546 1960 642 2001 sine
679 1962 724 2001 te
762 1972 914 2012 regum
953 1972 1140 2001 munera
1178 1959 1304 2000 nulla
1341 1959 1484 2000 volo».
1513 1982 1572 1986 -—
1606 1956 1755 2011 Venus

256 2036 465 2091 inveniet,
489 2038 690 2079 inveniet
714 2037 898 2079 modum
915 2039 959 2078 et
984 2037 1066 2078 tibi
1083 2036 1362 2078 monstrabit.
1379 2033 1575 2076 -Dum
1603 2034 1755 2084 tumet,

254 2125 310 2153 sc.
339 2126 450 2166 puer
474 2127 564 2167 prae
591 2113 776 2155 libidine
791 2128 801 2163 3
836 2115 887 2154 cf.
915 2112 1023 2154 Hor.
1055 2111 1144 2154 Sat.
1171 2112 1204 2153 I.
1235 2113 1275 2161 2,
1307 2113 1416 2153 116:
1450 2111 1650 2152 «tument
1675 2108 1756 2150 tibi

254 2202 355 2229 cum
380 2190 590 2242 inguina»
625 2194 668 2232 et
691 2190 836 2244 Priap.
866 2192 935 2239 82,
954 2191 1038 2232 43:
1072 2190 1282 2244 «inguina
1298 2190 1464 2242 arrigat
1488 2191 1679 2229 tumor».
1698 2210 1757 2214 -—

253 2268 428 2309 teneros
455 2268 653 2310 conserit
677 2280 823 2323 usque
850 2268 994 2321 sinus,
1021 2270 1227 2309 tenerum
1252 2270 1407 2322 pectus
1434 2280 1566 2309 suum
1581 2265 1751 2320 pectori

254 2343 330 2382 tuo
374 2343 591 2392 conserit;
635 2345 686 2385 cf.
728 2343 803 2385 Ov.
847 2343 952 2386 Her.
1001 2345 1067 2394 15,
1122 2345 1228 2385 101:
1262 2345 1342 2385 «At
1382 2346 1549 2397 quanto
1590 2342 1753 2383 melius

253 2417 378 2469 iungi
404 2430 505 2458 mea
529 2422 708 2471 pectora
744 2422 916 2461 tecum»
962 2423 1005 2461 et
1041 2420 1168 2474 Prop.
1196 2420 1267 2461 IV.
1299 2421 1336 2468 7,
1371 2419 1569 2461 19—20:
1602 2416 1750 2471 «Saepe

252 2495 402 2536 Venus
425 2495 557 2536 trivio
584 2497 823 2538 commissa
849 2500 928 2547 est,
947 2500 1124 2552 pectore
1150 2499 1312 2541 mixtro
1337 2498 1555 2540 Fecerunt
1578 2495 1752 2551 tepidas

252 2571 391 2625 pallia
428 2575 581 2613 nostra
607 2574 742 2616 vias».
774 2573 1016 2619 Conserere
1048 2577 1145 2618 sine
1172 2577 1336 2627 dativo,
1363 2579 1414 2618 ut
1440 2576 1526 2618 Cic.
1554 2575 1667 2616 Mur.
1697 2576 1749 2616 9:

258 2647 411 2701 «signa
437 2648 637 2696 contulit,
664 2663 850 2691 manum
881 2653 1130 2694 conseruit»
1165 2666 1221 2694 sc.
1251 2653 1382 2694 hosti.
1410 2676 1469 2680 -—
1488 2651 1748 2708 puynant-i-

256 2725 337 2767 bus
365 2759 374 2767 .
405 2759 412 2767 .
444 2757 454 2767 .
496 2725 668 2781 linquis
708 2729 881 2781 oscula,
921 2743 1063 2782 genus
1105 2730 1358 2772 osculorum
1403 2729 1584 2779 infame,
1633 2727 1750 2783 quod
