1942 3132
759 225 816 255 n>
836 225 894 256 IV.
917 223 951 262 8,
979 223 1142 254 15—24.
1627 210 1696 246 227

203 343 353 400 ferrea
377 343 529 388 vincla
554 343 672 396 cani,
697 342 894 397 copulas,
934 341 1094 396 quibus
1132 342 1248 384 colla
1286 355 1447 383 canum
1473 343 1696 385 venatico-

206 435 303 465 rum
331 421 612 470 vinciuntur;
639 420 691 462 cf.
720 418 796 461 Ov.
824 418 930 461 Met.
959 418 1054 461 VH.
1084 420 1195 461 769:
1229 418 1427 474 «Copula
1450 419 1697 462 detrahitur

204 499 413 543 canibus·
440 501 485 540 et
507 496 612 540 ibid.
631 495 748 538 Vm.
779 497 1038 538 331——3322
1072 509 1198 550 «pars
1223 496 1336 538 retia
1360 495 1563 547 tendunt,
1590 497 1695 539 Vin-

206 578 306 620 cula
330 589 435 632 pars
459 574 663 624 adimunt
688 572 914 615 canibus».

261 654 310 697 V.
344 653 527 696 15—18.
569 650 653 694 lux
689 662 806 701 mea,
843 652 894 692 ut
934 663 1070 704 supra
1111 648 1232 705 Sulp.
1273 650 1345 692 IV.
1379 652 1444 700 12,
1478 652 1524 692 1:
1573 664 1697 692 «mea

205 733 335 781 luxu
361 730 414 773 cf.
443 729 542 771 adn.
583 727 639 770 ad
663 728 706 770 h.
735 727 764 770 L
792 751 849 756 —
877 729 983 770 ante
1019 726 1148 783 ipsas
1188 726 1483 770 concubuisse
1515 726 1694 784 playa-3,

162 834 165 837 Δ
202 812 335 864 poeta
370 809 570 850 veterum
608 805 896 848 heminarum
933 804 1161 847 licentiam
1198 805 1354 847 tribuit
1391 803 1609 860 Sulpiciae.
1637 831 1695 834 -—

197 886 376 944 plagas,
394 885 443 926 in
465 896 576 938 quas
592 884 695 925 ferae
717 882 951 936 agitantur,
979 884 1030 924 ut
1053 882 1110 924 iis
1135 882 1354 924 intricatae
1379 881 1567 924 interfici
1593 896 1694 937 pos-

202 964 319 1012 sint3
345 963 398 1004 cf.
426 961 533 1003 Hor.
562 959 705 1003 Carm.
744 959 777 1001 I.
812 961 846 1010 1,
887 960 968 1002 28:
1014 957 1127 1002 «Seu
1164 960 1285 1013 rupit
1321 962 1483 1002 teretes
1520 960 1696 1003 Marsus

200 1054 307 1096 aper
329 1039 524 1094 plagas».
553 1063 612 1067 —
642 1035 828 1080 Veneri-s·
854 1034 1031 1092 cupidae
1055 1035 1243 1093 ,qaudiffi
1270 1038 1321 1079 cf.
1351 1038 1451 1079 adn.
1480 1051 1616 1092 supra
1640 1038 1695 1080 ad

200 1119 233 1162 Ι.
257 1119 297 1166 6,
329 1117 406 1159 14-;
439 1118 621 1158 «mutua
640 1114 834 1156 Venus».

259 1195 308 1238 V.
356 1195 541 1237 19—-024,
584 1190 720 1234 Nunc
759 1192 858 1234 sinc
896 1204 966 1234 me
1008 1191 1069 1234 sit
1112 1190 1243 1234 nulla
1284 1190 1445 1245 Venae,
1481 1191 1559 1236 sed
1603 1193 1694 1248 1898

202 1271 383 1324 Dianae,
411 1270 543 1314 Caste
562 1282 698 1327 puer,
722 1269 848 1312 casta
873 1268 990 1310 retia
1017 1268 1153 1325 tcmyc
1189 1281 1347 1322 manu,
1385 1271 1437 1312 cf.
1480 1271 1608 1325 Prop.
1636 1271 1691 1313 IL

203 1352 270 1402 19,
301 1350 497 1392 17--18:
531 1347 656 1402 «Ipse
678 1360 758 1401 ego
785 1346 1003 1389 venabor:
1030 1347 1121 1390 iam
1146 1361 1217 1389 me
1244 1361 1364 1390 nunc
1391 1362 1515 1390 sacra
1539 1349 1693 1392 Dianae

202 1425 433 1481 Suscipere
475 1430 517 1466 et
543 1424 705 1466 Veneri
742 1437 910 1478 ponere
950 1427 1056 1465 vota
1092 1424 1255 1466 iuvat».
1291 1449 1348 1453 —
1382 1425 1476 1482 leqc
1514 1425 1693 1481 Diam,

201 1503 304 1558 quia
328 1502 420 1544 deae
447 1506 577 1543 castae
603 1505 730 1555 grata
755 1503 849 1542 erat
874 1500 1070 1549 castitas,
1098 1502 1149 1541 ut
1174 1500 1327 1543 fabula
1353 1501 1405 1544 de
1430 1502 1691 1559 Hippolyto,

199 1579 356 1621 Thesei
377 1579 485 1629 filio,
510 1578 648 1620 docet.
678 1602 726 1606 —-
757 1588 857 1619 meo
879 1610 887 1618 .
915 1607 925 1617 .
949 1610 957 1618 .
988 1575 1194 1631 subrepit
1215 1578 1379 1631 amori,
1396 1579 1547 1625 iuveni
1572 1594 1598 1622 a
1622 1595 1694 1623 me

200 1661 362 1706 amato,
387 1659 439 1698 ut
466 1669 568 1698 eum
594 1655 815 1709 pelliciat;
843 1655 895 1696 cf.
925 1667 1059 1708 supra
1083 1654 1116 1696 Ι.
1137 1656 1177 1703 8,
1196 1656 1278 1697 59;
1312 1669 1520 1710 «possum
1546 1660 1694 1702 media

200 1734 401 1789 quamvis
427 1733 638 1787 obrepere
665 1736 819 1774 nocte»
842 1735 886 1774 et
912 1732 1011 1774 adn.
1040 1732 1095 1773 ad
1121 1733 1162 1774 h.
1192 1733 1218 1774 l.
1248 1759 1306 1762 -—
1329 1737 1493 1788 amori,
1510 1739 1694 1791 ponitur

196 1825 278 1867 pro
302 1811 463 1853 iuvene
489 1814 650 1858 amato,
678 1813 728 1851 ut
754 1823 888 1864 supra
913 1810 945 1851 L
976 1811 1015 1853 6.
1045 1811 1126 1852 35;
1160 1811 1390 1854 «absentes
1408 1814 1520 1856 alios
1548 1818 1690 1871 suspi-

194 1892 267 1947 rat
293 1900 490 1930 amores»
522 1888 550 1929 i.
580 1901 614 1929 e.
644 1889 888 1936 amatores3
912 1888 964 1928 cf.
989 1887 1091 1930 adn.
1118 1887 1174 1929 ad
1199 1889 1241 1931 h.
1271 1890 1298 1931 l.
1327 1915 1379 1918 —
1404 1894 1603 1946 parenti,
1631 1909 1686 1938 30,

198 1969 288 2008 tuo.
345 1965 445 2008 Una
485 1977 587 2006 cum
632 1968 758 2019 patre
795 1965 933 2019 igitur
967 1965 1212 2008 venabatur
1252 1967 1501 2012 Cerinthus.
1542 1996 1601 2000 —
1641 1973 1689 2016 in

198 2046 378 2086 nostros
396 2042 490 2097 ipse
505 2054 690 2085 recurre
706 2042 850 2095 sinus,
871 2046 923 2085 ut
946 2043 1076 2098 Prop.
1093 2044 1171 2087 111.
1201 2046 1270 2094 20,
1303 2047 1381 2088 10:
1415 2048 1486 2090 «in
1512 2054 1690 2094 nostros

197 2134 334 2168 curre,
362 2120 525 2174 puella,
553 2123 699 2162 toros»
733 2123 777 2162 et
801 2119 877 2163 Ov.
917 2121 1022 2163 Her.
1056 2124 1120 2171 15,
1149 2125 1230 2165 95:
1263 2123 1387 2167 «Huc
1424 2125 1529 2169 ades
1555 2128 1688 2183 inque

200 2198 337 2242 sinus,
367 2198 573 2247 formose,
601 2197 799 2240 relabere
825 2202 1045 2241 nostros».

893 2364 972 2409 ΠΙ.

733 2475 823 2517 Lib.
847 2472 922 2518 IV.
951 2477 1063 2528 eleg.
1091 2480 1132 2520 4.

252 2581 624 2624 Introductio.
661 2583 797 2626 Poeta
822 2585 1091 2639 Apollinem,
1131 2587 1264 2630 deum
1290 2589 1533 2640 medicinae,
1562 2591 1685 2633 invo-

190 2660 276 2707 eat,
302 2660 352 2700 ut
376 2658 582 2700 morbum
610 2659 814 2702 formosae
839 2662 1004 2714 puellae*
1023 2663 1162 2717 pellat
1187 2665 1349 2715 (1—8).
1375 2664 1513 2708 Vocat
1538 2666 1682 2708 denuo

188 2731 336 2781 deum,
364 2736 414 2776 ut
438 2735 591 2776 veniat
616 2748 717 2777 cum
743 2737 945 2779 cantibus
984 2741 1028 2780 et
1064 2738 1402 2782 medicamentis
1439 2741 1679 2795 liberetque

1476 2822 1540 2856 15*
