1942 3132
748 239 804 270 m
824 240 875 270 11.
897 238 932 279 4,
955 237 1121 268 55—60.
1616 222 1686 257 249

194 358 306 403 ·Seu
346 360 458 402 mihi
499 358 663 402 Circaeo
702 357 981 413 pereundum
1023 359 1091 399 est
1130 356 1344 411 gramine,
1388 356 1479 397 sive
1508 354 1685 397 Colchis

188 437 390 480 Iolciacis
430 438 532 478 urat
571 437 684 478 afina
723 434 878 476 focis».
903 456 962 462 —-—
990 432 1132 488 Circe,
1157 434 1210 477 de
1248 434 1371 478 Circe
1397 433 1595 476 venefica
1630 433 1686 475 cf.

191 512 271 555 Od.
297 513 348 555 X.
378 514 489 556 212:
517 510 641 570 Ἀμφὶ
666 511 711 554 δὲ
739 526 805 569 μιν
845 512 962 554 λύκοι
999 510 1106 568 ἦσαν
1144 511 1358 568 ὀρέστεροι
1393 511 1470 570 ἠδὲ
1507 513 1683 561 λέοντες,

194 590 302 640 Τοὺς
328 589 429 648 αὐτὴ
454 590 719 639 κατέθελξεν,
747 588 834 632 ἐπεὶ
869 592 983 632 κακὰ
1021 589 1208 647 φάρμακ’
1247 590 1416 632 ἔδωκεν.
1442 615 1501 618 --
1527 587 1687 632 Medea

189 702 198 711 .
228 702 237 710 .
266 702 275 710 .
304 667 479 721 veneni,
503 667 558 708 cf.
586 680 721 722 supra
744 667 780 709 Ι.
807 668 846 718 2,
876 669 958 710 51:
993 666 1122 710 «Sola
1157 670 1310 710 tenere
1348 667 1492 709 malas
1517 666 1685 708 Medeae

188 746 349 788 dicitur
371 744 557 787 herbas·
590 747 634 786 et
658 744 760 787 adn.
788 744 844 787 ad
870 745 913 787 h.
940 746 968 787 l.
997 770 1055 774 —
1085 742 1321 801 Quidquid
1361 747 1402 788 et
1440 743 1686 787 herbarum

195 823 411 867 Thessala
449 825 573 866 terra
607 823 738 879 yerit,
777 822 1008 865 Thessalia
1033 825 1101 864 est
1136 835 1381 875 magorum.
1411 835 1617 876 sagarum
1645 823 1688 862 et

186 900 483 944 veneficarum
499 900 670 955 patria3
697 901 751 942 cf.
769 900 836 942 Pli
853 914 898 942 n.
916 900 968 942 N.
985 900 1043 942 H.
1060 899 1196 942 XXX.
1217 901 1331 942 6—-7
1347 915 1357 950 ;
1376 899 1508 954 Prop.
1531 899 1565 942 I.
1584 901 1624 947 5,
1644 901 1686 941 6.

189 978 242 1021 de
267 980 470 1020 amante:
494 977 574 1019 «Et
598 976 747 1019 bibere
766 990 789 1018 e
815 979 909 1019 tota
925 977 1070 1018 toxica
1090 977 1344 1020 Thessalia»
1369 980 1412 1020 et
1427 970 1686 1019 Lucan.'VI.

186 1058 447 1100 438-—442:
481 1055 718 1098 «Thessala
744 1054 853 1108 quin
880 1054 1015 1096 etiam
1040 1054 1174 1095 tellus
1201 1054 1448 1109 herbasque
1473 1058 1687 1096 nocentes

187 1134 387 1189 Rupibus
409 1132 615 1188 ingenuit
636 1144 908 1185 sensuraque
931 1144 1035 1172 saxa
1060 1135 1273 1175 canentes
1298 1134 1523 1175 Arcanum
1551 1131 1687 1174 ferale

186 1225 361 1266 magos;
378 1211 440 1253 ibi
456 1210 651 1265 plurima
668 1211 855 1262 surgunt
867 1207 970 1249 Vim
984 1208 1153 1250 factura
1167 1208 1262 1252 deis
1270 1225 1282 1261 ;
1302 1213 1346 1252 et
1358 1210 1489 1252 terris
1507 1209 1687 1263 hospita

186 1289 362 1333 Colchis
383 1288 512 1343 Legit
536 1288 585 1329 in
600 1286 863 1334 Haemoniis,
883 1298 994 1339 quas
1019 1299 1111 1327 non
1138 1285 1385 1334 advexerat,
1406 1285 1611 1327 herbas».
1629 1309 1687 1313 ——

184 1367 316 1425 yerit,
344 1368 392 1408 ut
415 1365 542 1419 Verg.
572 1363 650 1407 Ge.
677 1363 733 1405 Π.
765 1364 872 1405 192:
897 1363 1009 1404 «Aut
1030 1376 1142 1417 quos
1166 1361 1342 1404 Oceano
1367 1363 1550 1417 propior
1575 1362 1689 1417 gerit

185 1444 314 1487 India
325 1443 475 1485 lucos»
495 1445 538 1484 et
552 1440 629 1484 Ov.
643 1440 750 1483 Met.
764 1438 840 1482 IX.
856 1441 963 1482 230:
987 1440 1254 1482 «Arboribus
1268 1440 1405 1485 caesis.
1422 1453 1532 1494 quas
1549 1439 1688 1481 ardua

185 1523 381 1576 gesserat
406 1519 559 1563 Oete».
585 1544 644 1548 —-
668 1517 728 1561 Et
755 1516 893 1574 quod,
917 1517 999 1560 ubi
1024 1515 1265 1560 indomitis
1290 1516 1506 1574 yreyibus
1540 1515 1689 1559 Venus

186 1590 328 1652 adflat
346 1608 542 1648 amores,
560 1593 877 1650 Hippomanes
894 1593 1070 1650 cupidae
1085 1595 1229 1638 stillat
1246 1594 1305 1638 ab
1332 1594 1523 1652 inquine
1548 1607 1690 1650 equae,

184 1677 318 1728 poeta
343 1676 446 1715 ante
473 1671 625 1714 oculos
651 1672 809 1714 habuit
833 1672 962 1727 Verg.
991 1671 1068 1714 Ge.
1096 1672 1175 1714 III.
1203 1673 1463 1714 266--267ε
1488 1670 1690 1715 «Scilicet

187 1752 290 1792 ante
316 1763 472 1793 omnes
499 1750 623 1791 furor
647 1751 714 1791 est
750 1749 942 1803 insignis
981 1762 1197 1804 equarum
1222 1749 1279 1790 Et
1314 1751 1512 1790 mentem
1537 1747 1688 1790 Venus

186 1828 284 1882 ipsa
319 1827 464 1869 dedit»
497 1830 541 1868 et
578 1828 840 1870 280—281:
872 1826 981 1867 «Hic
1020 1826 1212 1875 demum,
1252 1826 1549 1880 hippomanes
1584 1838 1688 1867 vero

188 1905 305 1960 quod
330 1906 513 1948 nomine
554 1904 708 1947 dicunt
732 1904 951 1952 Pastoms,
979 1904 1151 1945 lentum
1189 1903 1388 1945 destillat
1412 1903 1467 1945 ab
1505 1904 1689 1957 inguine

187 1984 349 2026 virus».
379 2007 435 2011 —
460 1980 699 2025 indomitis
723 1981 955 2038 9re9ibus,
981 1994 1038 2022 sc.
1068 1993 1306 2034 equarum;
1335 1982 1389 2023 cf.
1417 1993 1554 2034 supra
1587 1979 1687 2022 adn.

192 2059 247 2103 ad
272 2060 328 2102 H.
362 2062 396 2108 1,
425 2061 507 2102 68:
541 2059 809 2102 «indomitas
835 2059 953 2100 inter
980 2071 1139 2113 equas»
1148 2072 1159 2107 ;
1186 2057 1313 2111 Verg.
1339 2056 1416 2099 Ge.
1444 2057 1523 2098 111.
1543 2058 1688 2099 269—

190 2137 300 2178 270:
334 2136 464 2178 «Illas
489 2135 611 2177 ducit
647 2149 774 2178 amor
810 2139 935 2178 trans
961 2134 1159 2189 Gargara
1198 2136 1410 2189 transque
1451 2137 1688 2177 sonantem

188 2213 456 2256 Ascanium:
483 2216 696 2268 superant
721 2217 898 2255 montes
925 2216 969 2255 et
999 2212 1188 2255 fiumina
1225 2213 1430 2252 tranant»
1463 2213 1507 2252 et
1532 2209 1610 2253 Ov.
1637 2211 1687 2252 A.

188 2292 238 2333 A.
284 2290 339 2333 II.
388 2291 650 2333 487—488:
693 2290 770 2332 «In
817 2290 957 2332 furias
1006 2290 1233 2344 agitantur
1283 2301 1404 2342 equae
1455 2288 1687 2342 spatioque

189 2371 358 2410 remota
383 2368 466 2410 Per
490 2367 588 2410 loca
613 2366 817 2410 dividuos
843 2379 974 2409 amne
1002 2371 1213 2409 secuntur
1237 2381 1416 2422 equos».
1444 2392 1503 2396 —
1529 2365 1690 2422 adflat,

188 2444 402 2498 inspirat;
445 2444 498 2485 cf.
539 2443 719 2486 Theocr.
753 2445 819 2494 17,
846 2446 916 2487 51.
944 2444 996 2486 de
1036 2444 1273 2486 Berenice:
1319 2443 1451 2487 Πᾶσιν
1492 2444 1530 2486 δ’
1567 2444 1687 2502 ἤπιος

193 2521 269 2563 ἃδε
311 2522 470 2577 βροτοῖς
512 2521 727 2577 μαλακοὺς
769 2524 843 2578 μὲν
884 2521 1040 2578 ἔρωτας
1085 2521 1329 2578 Προσπνείει
1356 2524 1399 2563 et
1424 2522 1551 2575 Verg.
1578 2522 1687 2564 Aen.

189 2597 224 2639 L
251 2599 351 2639 688.
379 2597 432 2639 de
459 2598 647 2639 Amore:
679 2596 936 2640 «Occultum
974 2598 1168 2653 inspires
1200 2600 1393 2653 ignem».
1421 2624 1478 2627 —
1504 2597 1686 2654 Hippo-

189 2686 366 2729 manes,
391 2674 554 2715 humor
591 2673 779 2716 effluens
806 2688 858 2716 ex
893 2675 1077 2728 inguine
1117 2688 1238 2729 equae
1277 2675 1466 2718 coeundi
1503 2676 1687 2730 cupidae,

192 2763 279 2804 quo
318 2751 366 2793 in
392 2752 578 2794 venenis
619 2754 663 2792 et
702 2751 882 2805 philtris
924 2751 1139 2795 faciendis
1179 2752 1420 2794 utebantur
1460 2766 1599 2806 sagae;
1632 2752 1686 2792 cf.
