1942 3132
875 239 906 269 1.
930 237 966 268 7.

283 359 373 402 Aut
398 358 561 414 quibus
586 358 635 400 in
659 357 791 400 terris
816 355 1065 400 occuluisse
1092 357 1259 410 caput?

207 418 282 480 'Te
308 440 492 491 propter
515 435 667 478 nullos
692 434 827 477 tellus
851 435 932 476 tua
956 433 1157 487 postulat
1182 433 1362 482 imbres,

280 513 417 555 Arida
442 526 524 554 nec
549 511 703 567 pluvio
729 510 954 565 supplicat
978 509 1118 552 herba
1142 509 1250 552 Iovi.

221 592 281 635 'I'e
308 593 431 634 canit
456 594 588 646 atque
616 603 750 634 suum
773 588 915 644 pubes
940 588 1131 630 miratur
1156 586 1321 629 Osirim

281 669 494 719 Barbara,
519 666 801 723 Memphiten
825 666 1040 721 plangere
1066 665 1198 708 docta
1224 666 1396 707 bovem.

222 747 398 789 Primus
426 749 573 788 aratra
597 758 736 788 manu
763 743 935 787 sollerti
961 743 1067 785 fecit
1093 741 1234 784 Osiris

285 824 342 866 Et
366 826 570 866 teneram
597 823 713 866 ferro
740 821 1000 864 sollicitavit
1025 820 1229 869 humum,

222 902 401 945 Primus
426 903 665 956 inexpertae
690 899 917 942 commisit
944 899 1119 941 semina
1144 900 1272 939 terrae

284 980 511 1034 Pomaque
537 991 632 1020 non
656 977 778 1020 notis
804 958 916 1030 legit
941 976 996 1018 ab
1022 974 1269 1017 arboribus.

223 1057 311 1099 Hic
337 1056 488 1098 docuit
512 1058 713 1097 teneram
738 1054 856 1109 palis
883 1053 1127 1107 adiungere
1152 1052 1305 1100 vitem,

284 1134 370 1176 Hic
394 1132 583 1175 viridem
608 1130 719 1174 dura
745 1130 913 1172 caedere
940 1130 1053 1172 falce
1079 1142 1280 1171 comam:

223 1211 298 1253 Illi
326 1210 545 1252 iucundos
570 1209 766 1263 primum
793 1211 972 1249 matura
999 1219 1182 1260 sapores

282 1288 502 1342 Expressa
521 1286 718 1338 ,insuetis
743 1298 830 1330 uva
855 1284 978 1326 dedit
1003 1283 1205 1338 pedibus.

222 1366 305 1408 Ille
332 1366 481 1420 liquor
505 1364 657 1407 docuit
679 1376 811 1407 voces
838 1362 1066 1405 inflectere
1093 1364 1241 1411 cantu,

284 1443 427 1486 Movit
454 1446 496 1485 et
522 1442 579 1485 ad
604 1445 748 1484 certos
774 1441 928 1484 nescia
953 1439 1157 1483 membra
1182 1438 1366 1481 modos:

222 1521 425 1564 Bacchus
452 1523 496 1562 et
522 1520 726 1574 agricolae
752 1532 917 1574 magno
944 1519 1148 1561 confecta
1172 1517 1326 1560 labore

283 1599 468 1642 Pectora
493 1598 659 1641 laetitiae
686 1597 977 1640 dissoluenda
1002 1596 1150 1639 dedit:

224 1676 428 1718 Bacchus
455 1677 500 1718 et
525 1674 716 1717 adflictis
743 1675 944 1729 requiem
969 1673 1237 1716 mortalibus
1264 1672 1419 1722 adfert,

285 1753 424 1798 Omra
449 1754 554 1796 licet
578 1753 690 1796 dura
715 1752 930 1807 compede
956 1751 1088 1807 pulsa
1115 1754 1291 1793 sonent.

224 1831 325 1874 Non
349 1831 433 1873 tibi
460 1834 566 1874 sunt
591 1831 742 1873 tristes
768 1843 883 1872 curae
907 1843 990 1871 nec
1016 1830 1176 1878 luctus,
1207 1827 1337 1875 Osiri,

287 1905 373 1949 Sed
398 1907 561 1949 chorus
589 1909 633 1948 et
657 1909 817 1948 cantus
845 1909 888 1947 et
913 1906 1024 1948 levis
1051 1907 1184 1959 aptus
1212 1917 1350 1949 amor,

225 1983 313 2026 Sed
337 1983 451 2026 varii
475 1982 609 2025 flores
634 1985 679 2026 et
704 1984 829 2025 frons
855 1982 1065 2025 redimita
1090 1981 1324 2035 corymbis,

285 2061 406 2103 Fusa
431 2059 510 2103 sed
536 2060 590 2103 ad
617 2062 796 2102 teneros
821 2059 946 2102 lutea
970 2059 1092 2114 palla
1117 2058 1254 2113 pedes

226 2138 284 2180 Et
309 2137 450 2192 Tyriae
476 2140 624 2179 vestes
650 2138 695 2179 et
718 2136 861 2179 dulcis
886 2136 999 2178 tibia
1023 2137 1160 2177 cantu

267 2215 343 2257 Et
368 2214 481 2256 levis
507 2213 693 2255 occultis
719 2214 898 2255 conscia
923 2213 1035 2255 cista
1062 2212 1210 2254 sacris.

225 2292 326 2335 Huc
352 2291 459 2333 ades
486 2294 529 2332 et
554 2294 734 2333 centum
760 2289 879 2332 ludis
907 2288 1189 2343 Geniumque
1215 2288 1391 2330 choreis

286 2367 558 2413 Concelebra
586 2370 629 2409 et
654 2366 798 2408 multo
823 2369 1029 2421 tempora
1053 2364 1191 2407 funde
1216 2378 1365 2407 mero:

226 2445 356 2489 Illius
383 2449 427 2488 et
452 2444 596 2487 nitido
624 2443 796 2486 stillent
821 2445 1054 2497 unguenta
1078 2442 1255 2497 capillo,

286 2523 344 2566 Et
367 2523 513 2578 capite
541 2524 585 2563 et
610 2521 725 2562 collo
751 2519 909 2563 mollia
934 2523 1054 2562 serta
1078 2523 1217 2574 gerat.

227 2599 300 2643 Sic
324 2599 480 2642 venias
508 2598 748 2640 hodierne:
774 2596 858 2639 tibi
882 2596 985 2640 dem
1009 2598 1124 2639 turis
1151 2597 1358 2646 honores,
1431 2646 1434 2649 ¹

286 2676 400 2719 Liba
426 2680 470 2719 et
496 2675 732 2730 Mopsopio
758 2673 906 2717 dulcia
930 2675 1064 2718 melle
1091 2675 1243 2717 feram.

229 2754 287 2796 At
310 2753 393 2796 tibi
419 2754 668 2796 succrescat
692 2751 853 2806 proles,
881 2765 978 2807 quae
1005 2753 1121 2794 facta
1147 2752 1348 2807 parentis

1629 223 1675 259 37

1711 1224 1749 1248 85

1710 1611 1749 1635 ⁴0

1710 1997 1747 2021 45

1709 2383 1748 2408 50

1708 2768 1745 2792 δῦ
