<?xml version="1.0" encoding="UTF-8"?>
<!DOCTYPE html PUBLIC "-//W3C//DTD XHTML 1.0 Transitional//EN"
    "http://www.w3.org/TR/xhtml1/DTD/xhtml1-transitional.dtd">
<html xmlns="http://www.w3.org/1999/xhtml" xml:lang="en" lang="en">
 <head>
  <title>
</title>
<meta http-equiv="Content-Type" content="text/html;charset=utf-8" />
  <meta name='ocr-system' content='tesseract 3.04.00' />
  <meta name='ocr-capabilities' content='ocr_page ocr_carea ocr_par ocr_line ocrx_word'/>
</head>
<body>
  <div class='ocr_page' id='page_1' title='image "./carminaaccedunts00tibuuoft_0057.png"; bbox 0 0 1942 3132; ppageno 0'>
   <div class='ocr_carea' id='block_1_1' title="bbox 866 209 972 240">
    <p class='ocr_par' dir='ltr' id='par_1_1' title="bbox 866 209 972 240">
     <span class='ocr_line' id='line_1_1' title="bbox 866 209 972 240; baseline 0 0"><span class='ocrx_word' id='word_1_1' title='bbox 866 211 914 240; x_wconf 86' lang='lat' dir='ltr'>n.</span> <span class='ocrx_word' id='word_1_2' title='bbox 936 209 972 240; x_wconf 83' lang='lat'>6.</span> 
     </span>
    </p>
   </div>
   <div class='ocr_carea' id='block_1_2' title="bbox 194 325 1378 461">
    <p class='ocr_par' dir='ltr' id='par_1_2' title="bbox 194 325 1378 461">
     <span class='ocr_line' id='line_1_2' title="bbox 194 325 1378 383; baseline 0.001 -13"><span class='ocrx_word' id='word_1_3' title='bbox 194 358 206 365; x_wconf 84' lang='lat'><em>-</em></span> <span class='ocrx_word' id='word_1_4' title='bbox 233 325 346 382; x_wconf 84' lang='lat' dir='ltr'>Spes</span> <span class='ocrx_word' id='word_1_5' title='bbox 373 329 509 370; x_wconf 87' lang='lat' dir='ltr'>etiam</span> <span class='ocrx_word' id='word_1_6' title='bbox 537 327 686 370; x_wconf 88' lang='lat' dir='ltr'>valida</span> <span class='ocrx_word' id='word_1_7' title='bbox 712 328 885 371; x_wconf 88' lang='lat' dir='ltr'>solatur</span> <span class='ocrx_word' id='word_1_8' title='bbox 909 327 1125 383; x_wconf 79' lang='lat' dir='ltr'>compede</span> <span class='ocrx_word' id='word_1_9' title='bbox 1152 330 1378 371; x_wconf 88' lang='lat' dir='ltr'>vinctum:</span> 
     </span>
     <span class='ocr_line' id='line_1_3' title="bbox 291 403 1342 461; baseline 0.001 -14"><span class='ocrx_word' id='word_1_10' title='bbox 291 403 432 447; x_wconf 83' lang='lat' dir='ltr'>Omra</span> <span class='ocrx_word' id='word_1_11' title='bbox 458 409 622 448; x_wconf 89' lang='lat' dir='ltr'>sonant</span> <span class='ocrx_word' id='word_1_12' title='bbox 648 406 776 456; x_wconf 84' lang='lat' dir='ltr'>ferro,</span> <span class='ocrx_word' id='word_1_13' title='bbox 805 405 884 448; x_wconf 89' lang='lat' dir='ltr'>sed</span> <span class='ocrx_word' id='word_1_14' title='bbox 910 406 1032 448; x_wconf 88' lang='lat' dir='ltr'>canit</span> <span class='ocrx_word' id='word_1_15' title='bbox 1056 406 1177 448; x_wconf 85' lang='lat' dir='ltr'>inter</span> <span class='ocrx_word' id='word_1_16' title='bbox 1204 420 1342 461; x_wconf 91' lang='lat' dir='ltr'>opus:</span> 
     </span>
    </p>
   </div>
   <div class='ocr_carea' id='block_1_3' title="bbox 232 472 1557 538">
    <p class='ocr_par' dir='ltr' id='par_1_3' title="bbox 232 472 1557 538">
     <span class='ocr_line' id='line_1_4' title="bbox 232 472 1557 538; baseline 0.001 -14"><span class='ocrx_word' id='word_1_17' title='bbox 232 479 343 536; x_wconf 84' lang='lat' dir='ltr'>Spes</span> <span class='ocrx_word' id='word_1_18' title='bbox 371 483 547 524; x_wconf 82' lang='lat' dir='ltr'>facilem</span> <span class='ocrx_word' id='word_1_19' title='bbox 574 483 800 525; x_wconf 81' lang='lat' dir='ltr'>Nemesim</span> <span class='ocrx_word' id='word_1_20' title='bbox 829 472 1022 537; x_wconf 79' lang='lat' dir='ltr'>spondet</span> <span class='ocrx_word' id='word_1_21' title='bbox 1047 483 1172 533; x_wconf 90' lang='lat' dir='ltr'>mihi,</span> <span class='ocrx_word' id='word_1_22' title='bbox 1204 483 1283 525; x_wconf 87' lang='lat' dir='ltr'>sed</span> <span class='ocrx_word' id='word_1_23' title='bbox 1308 486 1443 538; x_wconf 88' lang='lat' dir='ltr'>negat</span> <span class='ocrx_word' id='word_1_24' title='bbox 1469 485 1557 526; x_wconf 87' lang='lat' dir='ltr'>illa.</span> 
     </span>
    </p>
   </div>
   <div class='ocr_carea' id='block_1_4' title="bbox 218 559 1553 2625">
    <p class='ocr_par' dir='ltr' id='par_1_4' title="bbox 231 559 1403 770">
     <span class='ocr_line' id='line_1_5' title="bbox 290 559 1275 615; baseline 0.003 -15"><span class='ocrx_word' id='word_1_25' title='bbox 290 559 343 601; x_wconf 92' lang='lat' dir='ltr'>Ei</span> <span class='ocrx_word' id='word_1_26' title='bbox 370 561 496 605; x_wconf 87' lang='lat' dir='ltr'>mihi.</span> <span class='ocrx_word' id='word_1_27' title='bbox 525 574 581 602; x_wconf 90' lang='lat' dir='ltr'>ne</span> <span class='ocrx_word' id='word_1_28' title='bbox 608 560 773 611; x_wconf 89' lang='lat' dir='ltr'>vincas,</span> <span class='ocrx_word' id='word_1_29' title='bbox 803 559 915 602; x_wconf 87' lang='lat' dir='ltr'>dura</span> <span class='ocrx_word' id='word_1_30' title='bbox 939 560 1102 615; x_wconf 90' lang='lat' dir='ltr'>puella,</span> <span class='ocrx_word' id='word_1_31' title='bbox 1132 561 1275 603; x_wconf 88' lang='lat' dir='ltr'>deam.</span> 
     </span>
     <span class='ocr_line' id='line_1_6' title="bbox 231 636 1403 692; baseline 0.001 -13"><span class='ocrx_word' id='word_1_32' title='bbox 231 636 380 682; x_wconf 86' lang='lat' dir='ltr'>Parce.</span> <span class='ocrx_word' id='word_1_33' title='bbox 408 651 490 691; x_wconf 91' lang='lat' dir='ltr'>per</span> <span class='ocrx_word' id='word_1_34' title='bbox 513 638 757 680; x_wconf 84' lang='lat' dir='ltr'>immatura</span> <span class='ocrx_word' id='word_1_35' title='bbox 781 640 870 680; x_wconf 85' lang='lat' dir='ltr'>tuae</span> <span class='ocrx_word' id='word_1_36' title='bbox 896 651 1054 692; x_wconf 84' lang='lat' dir='ltr'>precor</span> <span class='ocrx_word' id='word_1_37' title='bbox 1081 651 1182 680; x_wconf 85' lang='lat' dir='ltr'>ossa</span> <span class='ocrx_word' id='word_1_38' title='bbox 1210 638 1403 681; x_wconf 88' lang='lat' dir='ltr'>sororis:</span> 
     </span>
     <span class='ocr_line' id='line_1_7' title="bbox 292 714 1364 770; baseline 0.002 -14"><span class='ocrx_word' id='word_1_39' title='bbox 292 714 363 756; x_wconf 88' lang='lat' dir='ltr'>Sic</span> <span class='ocrx_word' id='word_1_40' title='bbox 391 715 504 757; x_wconf 90' lang='lat' dir='ltr'>bene</span> <span class='ocrx_word' id='word_1_41' title='bbox 532 715 614 758; x_wconf 90' lang='lat' dir='ltr'>sub</span> <span class='ocrx_word' id='word_1_42' title='bbox 638 717 795 758; x_wconf 87' lang='lat' dir='ltr'>tenera</span> <span class='ocrx_word' id='word_1_43' title='bbox 819 729 958 770; x_wconf 86' lang='lat' dir='ltr'>parva</span> <span class='ocrx_word' id='word_1_44' title='bbox 986 716 1187 770; x_wconf 75' lang='lat' dir='ltr'>quiescat</span> <span class='ocrx_word' id='word_1_45' title='bbox 1214 717 1364 758; x_wconf 91' lang='lat' dir='ltr'>humo.</span> 
     </span>
    </p>

    <p class='ocr_par' dir='ltr' id='par_1_5' title="bbox 232 792 1308 919">
     <span class='ocr_line' id='line_1_8' title="bbox 232 792 1277 847; baseline 0.001 -14"><span class='ocrx_word' id='word_1_46' title='bbox 232 792 320 834; x_wconf 94' lang='lat' dir='ltr'>Illa</span> <span class='ocrx_word' id='word_1_47' title='bbox 345 793 460 834; x_wconf 91' lang='lat' dir='ltr'>mihi</span> <span class='ocrx_word' id='word_1_48' title='bbox 487 796 642 835; x_wconf 83' lang='lat' dir='ltr'>sancta</span> <span class='ocrx_word' id='word_1_49' title='bbox 668 794 747 842; x_wconf 89' lang='lat' dir='ltr'>est,</span> <span class='ocrx_word' id='word_1_50' title='bbox 775 793 900 834; x_wconf 86' lang='lat' dir='ltr'>illius</span> <span class='ocrx_word' id='word_1_51' title='bbox 927 793 1046 834; x_wconf 92' lang='lat' dir='ltr'>dona</span> <span class='ocrx_word' id='word_1_52' title='bbox 1072 793 1277 847; x_wconf 88' lang='lat' dir='ltr'>sepulcro</span> 
     </span>
     <span class='ocr_line' id='line_1_9' title="bbox 291 869 1308 919; baseline 0 -8"><span class='ocrx_word' id='word_1_53' title='bbox 291 870 348 911; x_wconf 86' lang='lat' dir='ltr'>Et</span> <span class='ocrx_word' id='word_1_54' title='bbox 373 869 621 912; x_wconf 79' lang='lat' dir='ltr'>madefacta</span> <span class='ocrx_word' id='word_1_55' title='bbox 646 870 759 912; x_wconf 88' lang='lat' dir='ltr'>meis</span> <span class='ocrx_word' id='word_1_56' title='bbox 787 873 905 911; x_wconf 85' lang='lat' dir='ltr'>serta</span> <span class='ocrx_word' id='word_1_57' title='bbox 931 870 1071 911; x_wconf 90' lang='lat' dir='ltr'>feram</span> <span class='ocrx_word' id='word_1_58' title='bbox 1098 870 1308 919; x_wconf 83' lang='lat' dir='ltr'>lacrimis,</span> 
     </span>
    </p>

    <p class='ocr_par' dir='ltr' id='par_1_6' title="bbox 232 946 1383 1079">
     <span class='ocr_line' id='line_1_10' title="bbox 232 946 1383 1002; baseline 0.001 -14"><span class='ocrx_word' id='word_1_59' title='bbox 232 946 363 988; x_wconf 89' lang='lat' dir='ltr'>Illius</span> <span class='ocrx_word' id='word_1_60' title='bbox 390 946 446 989; x_wconf 89' lang='lat' dir='ltr'>ad</span> <span class='ocrx_word' id='word_1_61' title='bbox 471 947 696 990; x_wconf 82' lang='lat' dir='ltr'>tumulum</span> <span class='ocrx_word' id='word_1_62' title='bbox 722 947 890 1001; x_wconf 87' lang='lat' dir='ltr'>fugiam</span> <span class='ocrx_word' id='word_1_63' title='bbox 919 948 1192 1002; x_wconf 85' lang='lat' dir='ltr'>supplexque</span> <span class='ocrx_word' id='word_1_64' title='bbox 1221 947 1383 990; x_wconf 86' lang='lat' dir='ltr'>sedebo</span> 
     </span>
     <span class='ocr_line' id='line_1_11' title="bbox 293 1024 1246 1079; baseline 0.002 -14"><span class='ocrx_word' id='word_1_65' title='bbox 293 1024 350 1065; x_wconf 87' lang='lat' dir='ltr'>Et</span> <span class='ocrx_word' id='word_1_66' title='bbox 373 1037 474 1066; x_wconf 85' lang='lat' dir='ltr'>mea</span> <span class='ocrx_word' id='word_1_67' title='bbox 501 1037 602 1066; x_wconf 92' lang='lat' dir='ltr'>cum</span> <span class='ocrx_word' id='word_1_68' title='bbox 627 1026 753 1066; x_wconf 90' lang='lat' dir='ltr'>muto</span> <span class='ocrx_word' id='word_1_69' title='bbox 781 1025 874 1066; x_wconf 83' lang='lat' dir='ltr'>fata</span> <span class='ocrx_word' id='word_1_70' title='bbox 899 1038 1061 1079; x_wconf 86' lang='lat' dir='ltr'>querar</span> <span class='ocrx_word' id='word_1_71' title='bbox 1086 1025 1246 1067; x_wconf 86' lang='lat' dir='ltr'>cinere.</span> 
     </span>
    </p>

    <p class='ocr_par' dir='ltr' id='par_1_7' title="bbox 233 1101 1468 1230">
     <span class='ocr_line' id='line_1_12' title="bbox 233 1101 1468 1157; baseline 0.001 -14"><span class='ocrx_word' id='word_1_72' title='bbox 233 1101 333 1143; x_wconf 89' lang='lat' dir='ltr'>Non</span> <span class='ocrx_word' id='word_1_73' title='bbox 361 1102 474 1144; x_wconf 81' lang='lat' dir='ltr'>feret</span> <span class='ocrx_word' id='word_1_74' title='bbox 498 1115 639 1156; x_wconf 89' lang='lat' dir='ltr'>usque</span> <span class='ocrx_word' id='word_1_75' title='bbox 666 1115 796 1143; x_wconf 91' lang='lat' dir='ltr'>suum</span> <span class='ocrx_word' id='word_1_76' title='bbox 823 1105 867 1144; x_wconf 81' lang='lat' dir='ltr'>te</span> <span class='ocrx_word' id='word_1_77' title='bbox 892 1105 1077 1157; x_wconf 87' lang='lat' dir='ltr'>propter</span> <span class='ocrx_word' id='word_1_78' title='bbox 1102 1101 1207 1144; x_wconf 89' lang='lat' dir='ltr'>flere</span> <span class='ocrx_word' id='word_1_79' title='bbox 1235 1102 1468 1145; x_wconf 87' lang='lat' dir='ltr'>clientem:</span> 
     </span>
     <span class='ocr_line' id='line_1_13' title="bbox 295 1178 1217 1230; baseline 0.002 -10"><span class='ocrx_word' id='word_1_80' title='bbox 295 1179 424 1221; x_wconf 89' lang='lat' dir='ltr'>Illius</span> <span class='ocrx_word' id='word_1_81' title='bbox 449 1182 498 1220; x_wconf 91' lang='lat' dir='ltr'>ut</span> <span class='ocrx_word' id='word_1_82' title='bbox 523 1178 680 1228; x_wconf 89' lang='lat' dir='ltr'>verbis,</span> <span class='ocrx_word' id='word_1_83' title='bbox 712 1179 773 1221; x_wconf 84' lang='lat' dir='ltr'>sis</span> <span class='ocrx_word' id='word_1_84' title='bbox 799 1180 912 1221; x_wconf 89' lang='lat' dir='ltr'>mihi</span> <span class='ocrx_word' id='word_1_85' title='bbox 939 1181 1075 1230; x_wconf 84' lang='lat' dir='ltr'>lenta,</span> <span class='ocrx_word' id='word_1_86' title='bbox 1102 1182 1217 1229; x_wconf 85' lang='lat' dir='ltr'>veto,</span> 
     </span>
    </p>

    <p class='ocr_par' dir='ltr' id='par_1_8' title="bbox 229 1255 1375 1388">
     <span class='ocr_line' id='line_1_14' title="bbox 229 1255 1375 1310; baseline 0.002 -13"><span class='ocrx_word' id='word_1_87' title='bbox 229 1255 295 1298; x_wconf 89' lang='lat' dir='ltr'>Ne</span> <span class='ocrx_word' id='word_1_88' title='bbox 321 1255 404 1298; x_wconf 87' lang='lat' dir='ltr'>tibi</span> <span class='ocrx_word' id='word_1_89' title='bbox 429 1256 620 1310; x_wconf 81' lang='lat' dir='ltr'>neglecti</span> <span class='ocrx_word' id='word_1_90' title='bbox 647 1257 832 1298; x_wconf 85' lang='lat' dir='ltr'>mittant</span> <span class='ocrx_word' id='word_1_91' title='bbox 857 1257 978 1298; x_wconf 90' lang='lat' dir='ltr'>mala</span> <span class='ocrx_word' id='word_1_92' title='bbox 1005 1258 1182 1299; x_wconf 89' lang='lat' dir='ltr'>somnia</span> <span class='ocrx_word' id='word_1_93' title='bbox 1208 1271 1375 1307; x_wconf 89' lang='lat' dir='ltr'>manes,</span> 
     </span>
     <span class='ocr_line' id='line_1_15' title="bbox 290 1333 1306 1388; baseline 0.002 -14"><span class='ocrx_word' id='word_1_94' title='bbox 290 1333 534 1388; x_wconf 85' lang='lat' dir='ltr'>Maestaque</span> <span class='ocrx_word' id='word_1_95' title='bbox 560 1334 718 1388; x_wconf 81' lang='lat' dir='ltr'>sopitae</span> <span class='ocrx_word' id='word_1_96' title='bbox 746 1336 833 1375; x_wconf 87' lang='lat' dir='ltr'>stet</span> <span class='ocrx_word' id='word_1_97' title='bbox 859 1347 987 1376; x_wconf 92' lang='lat' dir='ltr'>soror</span> <span class='ocrx_word' id='word_1_98' title='bbox 1012 1337 1116 1376; x_wconf 86' lang='lat' dir='ltr'>ante</span> <span class='ocrx_word' id='word_1_99' title='bbox 1143 1337 1306 1384; x_wconf 87' lang='lat' dir='ltr'>torum,</span> 
     </span>
    </p>

    <p class='ocr_par' dir='ltr' id='par_1_9' title="bbox 230 1410 1322 1466">
     <span class='ocr_line' id='line_1_16' title="bbox 230 1410 1322 1466; baseline 0.001 -14"><span class='ocrx_word' id='word_1_100' title='bbox 230 1410 386 1463; x_wconf 86' lang='lat' dir='ltr'>Qualis</span> <span class='ocrx_word' id='word_1_101' title='bbox 413 1411 468 1453; x_wconf 82' lang='lat' dir='ltr'>ab</span> <span class='ocrx_word' id='word_1_102' title='bbox 494 1411 668 1453; x_wconf 87' lang='lat' dir='ltr'>excelsa</span> <span class='ocrx_word' id='word_1_103' title='bbox 692 1425 894 1466; x_wconf 61' lang='lat' dir='ltr'>praecepsv</span> <span class='ocrx_word' id='word_1_104' title='bbox 916 1411 1101 1466; x_wconf 90' lang='lat' dir='ltr'>delapsa</span> <span class='ocrx_word' id='word_1_105' title='bbox 1126 1413 1322 1454; x_wconf 82' lang='lat' dir='ltr'>fenestra</span> 
     </span>
    </p>

    <p class='ocr_par' dir='ltr' id='par_1_10' title="bbox 218 1487 1271 1543">
     <span class='ocr_line' id='line_1_17' title="bbox 218 1487 1271 1543; baseline 0.001 -14"><span class='ocrx_word' id='word_1_106' title='bbox 218 1488 225 1489; x_wconf 58' lang='grc'><em>’</em></span> <span class='ocrx_word' id='word_1_107' title='bbox 289 1487 425 1529; x_wconf 84' lang='lat' dir='ltr'>Venit</span> <span class='ocrx_word' id='word_1_108' title='bbox 451 1488 506 1530; x_wconf 88' lang='lat' dir='ltr'>ad</span> <span class='ocrx_word' id='word_1_109' title='bbox 531 1488 734 1530; x_wconf 85' lang='lat' dir='ltr'>infernos</span> <span class='ocrx_word' id='word_1_110' title='bbox 762 1489 1109 1543; x_wconf 84' lang='lat' dir='ltr'>sanguinolenta</span> <span class='ocrx_word' id='word_1_111' title='bbox 1135 1490 1271 1531; x_wconf 87' lang='lat' dir='ltr'>lacus.</span> 
     </span>
    </p>

    <p class='ocr_par' dir='ltr' id='par_1_11' title="bbox 227 1563 1390 1702">
     <span class='ocr_line' id='line_1_18' title="bbox 227 1563 1390 1613; baseline 0.001 -7"><span class='ocrx_word' id='word_1_112' title='bbox 227 1563 410 1613; x_wconf 91' lang='lat' dir='ltr'>Desino,</span> <span class='ocrx_word' id='word_1_113' title='bbox 439 1578 496 1607; x_wconf 92' lang='lat' dir='ltr'>ne</span> <span class='ocrx_word' id='word_1_114' title='bbox 522 1565 717 1608; x_wconf 81' lang='lat' dir='ltr'>dominae</span> <span class='ocrx_word' id='word_1_115' title='bbox 743 1567 891 1609; x_wconf 87' lang='lat' dir='ltr'>luctus</span> <span class='ocrx_word' id='word_1_116' title='bbox 917 1568 1192 1609; x_wconf 86' lang='lat' dir='ltr'>renoventur</span> <span class='ocrx_word' id='word_1_117' title='bbox 1218 1566 1390 1608; x_wconf 83' lang='lat' dir='ltr'>acerbi:</span> 
     </span>
     <span class='ocr_line' id='line_1_19' title="bbox 290 1642 1315 1702; baseline 0 -17"><span class='ocrx_word' id='word_1_118' title='bbox 290 1642 391 1685; x_wconf 91' lang='lat' dir='ltr'>Non</span> <span class='ocrx_word' id='word_1_119' title='bbox 418 1657 500 1697; x_wconf 91' lang='lat' dir='ltr'>ego</span> <span class='ocrx_word' id='word_1_120' title='bbox 527 1658 627 1686; x_wconf 91' lang='lat' dir='ltr'>sum</span> <span class='ocrx_word' id='word_1_121' title='bbox 653 1645 780 1694; x_wconf 82' lang='lat' dir='ltr'>tanti,</span> <span class='ocrx_word' id='word_1_122' title='bbox 810 1645 958 1699; x_wconf 89' lang='lat' dir='ltr'>ploret</span> <span class='ocrx_word' id='word_1_123' title='bbox 984 1647 1033 1686; x_wconf 93' lang='lat' dir='ltr'>ut</span> <span class='ocrx_word' id='word_1_124' title='bbox 1058 1645 1138 1686; x_wconf 92' lang='lat' dir='ltr'>illa</span> <span class='ocrx_word' id='word_1_125' title='bbox 1165 1644 1315 1702; x_wconf 85' lang='lat' dir='ltr'>semel.</span> 
     </span>
    </p>

    <p class='ocr_par' dir='ltr' id='par_1_12' title="bbox 230 1719 1433 1852">
     <span class='ocr_line' id='line_1_20' title="bbox 230 1719 1433 1776; baseline 0.001 -15"><span class='ocrx_word' id='word_1_126' title='bbox 230 1719 321 1762; x_wconf 91' lang='lat' dir='ltr'>Nec</span> <span class='ocrx_word' id='word_1_127' title='bbox 346 1720 543 1763; x_wconf 80' lang='lat' dir='ltr'>lacrimis</span> <span class='ocrx_word' id='word_1_128' title='bbox 571 1722 725 1763; x_wconf 89' lang='lat' dir='ltr'>oculos</span> <span class='ocrx_word' id='word_1_129' title='bbox 751 1721 887 1776; x_wconf 86' lang='lat' dir='ltr'>digna</span> <span class='ocrx_word' id='word_1_130' title='bbox 914 1725 981 1764; x_wconf 88' lang='lat' dir='ltr'>est</span> <span class='ocrx_word' id='word_1_131' title='bbox 1007 1722 1172 1763; x_wconf 84' lang='lat' dir='ltr'>foedare</span> <span class='ocrx_word' id='word_1_132' title='bbox 1199 1722 1433 1775; x_wconf 88' lang='lat' dir='ltr'>loquaces:</span> 
     </span>
     <span class='ocr_line' id='line_1_21' title="bbox 292 1796 1303 1852; baseline 0.001 -15"><span class='ocrx_word' id='word_1_133' title='bbox 292 1796 418 1838; x_wconf 90' lang='lat' dir='ltr'>Lena</span> <span class='ocrx_word' id='word_1_134' title='bbox 443 1802 577 1840; x_wconf 88' lang='lat' dir='ltr'>nocet</span> <span class='ocrx_word' id='word_1_135' title='bbox 601 1798 743 1847; x_wconf 91' lang='lat' dir='ltr'>nobis,</span> <span class='ocrx_word' id='word_1_136' title='bbox 773 1798 873 1852; x_wconf 91' lang='lat' dir='ltr'>ipsa</span> <span class='ocrx_word' id='word_1_137' title='bbox 898 1798 1052 1852; x_wconf 92' lang='lat' dir='ltr'>puella</span> <span class='ocrx_word' id='word_1_138' title='bbox 1078 1798 1197 1839; x_wconf 89' lang='lat' dir='ltr'>bona</span> <span class='ocrx_word' id='word_1_139' title='bbox 1224 1802 1303 1838; x_wconf 88' lang='lat' dir='ltr'>est.</span> 
     </span>
    </p>

    <p class='ocr_par' dir='ltr' id='par_1_13' title="bbox 230 1872 1443 2006">
     <span class='ocr_line' id='line_1_22' title="bbox 230 1872 1443 1928; baseline 0.001 -14"><span class='ocrx_word' id='word_1_140' title='bbox 230 1872 356 1914; x_wconf 84' lang='lat' dir='ltr'>Lena</span> <span class='ocrx_word' id='word_1_141' title='bbox 380 1877 511 1915; x_wconf 87' lang='lat' dir='ltr'>necat</span> <span class='ocrx_word' id='word_1_142' title='bbox 535 1875 751 1916; x_wconf 90' lang='lat' dir='ltr'>miserum</span> <span class='ocrx_word' id='word_1_143' title='bbox 779 1873 956 1928; x_wconf 84' lang='lat' dir='ltr'>Phryne</span> <span class='ocrx_word' id='word_1_144' title='bbox 986 1875 1228 1928; x_wconf 83' lang='lat' dir='ltr'>furtimque</span> <span class='ocrx_word' id='word_1_145' title='bbox 1253 1874 1443 1915; x_wconf 87' lang='lat' dir='ltr'>tabellas</span> 
     </span>
     <span class='ocr_line' id='line_1_23' title="bbox 295 1949 1223 2006; baseline 0.001 -15"><span class='ocrx_word' id='word_1_146' title='bbox 295 1949 479 1992; x_wconf 89' lang='lat' dir='ltr'>Occulto</span> <span class='ocrx_word' id='word_1_147' title='bbox 505 1955 693 2006; x_wconf 89' lang='lat' dir='ltr'>portans</span> <span class='ocrx_word' id='word_1_148' title='bbox 719 1953 841 2006; x_wconf 85' lang='lat' dir='ltr'>itque</span> <span class='ocrx_word' id='word_1_149' title='bbox 868 1952 1070 2006; x_wconf 87' lang='lat' dir='ltr'>reditque</span> <span class='ocrx_word' id='word_1_150' title='bbox 1097 1952 1223 1993; x_wconf 91' lang='lat' dir='ltr'>sinu:</span> 
     </span>
    </p>

    <p class='ocr_par' dir='ltr' id='par_1_14' title="bbox 232 2028 1382 2159">
     <span class='ocr_line' id='line_1_24' title="bbox 232 2028 1382 2083; baseline 0 -13"><span class='ocrx_word' id='word_1_151' title='bbox 232 2029 358 2083; x_wconf 81' lang='lat' dir='ltr'>Saepe</span> <span class='ocrx_word' id='word_1_152' title='bbox 386 2042 480 2083; x_wconf 87' lang='lat' dir='ltr'>ego,</span> <span class='ocrx_word' id='word_1_153' title='bbox 510 2041 610 2070; x_wconf 91' lang='lat' dir='ltr'>cum</span> <span class='ocrx_word' id='word_1_154' title='bbox 636 2028 830 2070; x_wconf 79' lang='lat' dir='ltr'>dominae</span> <span class='ocrx_word' id='word_1_155' title='bbox 856 2028 1009 2070; x_wconf 90' lang='lat' dir='ltr'>dulces</span> <span class='ocrx_word' id='word_1_156' title='bbox 1035 2042 1060 2070; x_wconf 90' lang='lat' dir='ltr'>a</span> <span class='ocrx_word' id='word_1_157' title='bbox 1085 2029 1244 2070; x_wconf 89' lang='lat' dir='ltr'>limine</span> <span class='ocrx_word' id='word_1_158' title='bbox 1271 2028 1382 2070; x_wconf 87' lang='lat' dir='ltr'>duro</span> 
     </span>
     <span class='ocr_line' id='line_1_25' title="bbox 293 2105 1246 2159; baseline 0.001 -13"><span class='ocrx_word' id='word_1_159' title='bbox 293 2105 497 2159; x_wconf 84' lang='lat' dir='ltr'>Agnosco</span> <span class='ocrx_word' id='word_1_160' title='bbox 524 2118 667 2152; x_wconf 82' lang='lat' dir='ltr'>voces,</span> <span class='ocrx_word' id='word_1_161' title='bbox 697 2106 789 2147; x_wconf 81' lang='lat' dir='ltr'>haec</span> <span class='ocrx_word' id='word_1_162' title='bbox 815 2108 950 2159; x_wconf 89' lang='lat' dir='ltr'>negat</span> <span class='ocrx_word' id='word_1_163' title='bbox 976 2119 1074 2148; x_wconf 85' lang='lat' dir='ltr'>esse</span> <span class='ocrx_word' id='word_1_164' title='bbox 1099 2105 1246 2147; x_wconf 89' lang='lat' dir='ltr'>domi:</span> 
     </span>
    </p>

    <p class='ocr_par' dir='ltr' id='par_1_15' title="bbox 235 2181 1553 2313">
     <span class='ocr_line' id='line_1_26' title="bbox 235 2181 1553 2238; baseline 0.001 -15"><span class='ocrx_word' id='word_1_165' title='bbox 235 2181 374 2236; x_wconf 87' lang='lat' dir='ltr'>Saepe,</span> <span class='ocrx_word' id='word_1_166' title='bbox 402 2181 480 2224; x_wconf 89' lang='lat' dir='ltr'>ubi</span> <span class='ocrx_word' id='word_1_167' title='bbox 506 2195 595 2224; x_wconf 87' lang='lat' dir='ltr'>nox</span> <span class='ocrx_word' id='word_1_168' title='bbox 619 2183 844 2236; x_wconf 89' lang='lat' dir='ltr'>promissa</span> <span class='ocrx_word' id='word_1_169' title='bbox 867 2184 980 2225; x_wconf 91' lang='lat' dir='ltr'>mihi</span> <span class='ocrx_word' id='word_1_170' title='bbox 1009 2186 1087 2233; x_wconf 88' lang='lat' dir='ltr'>est,</span> <span class='ocrx_word' id='word_1_171' title='bbox 1115 2184 1330 2238; x_wconf 85' lang='lat' dir='ltr'>languere</span> <span class='ocrx_word' id='word_1_172' title='bbox 1354 2183 1553 2237; x_wconf 87' lang='lat' dir='ltr'>puellam</span> 
     </span>
     <span class='ocr_line' id='line_1_27' title="bbox 295 2259 1253 2313; baseline 0.002 -13"><span class='ocrx_word' id='word_1_173' title='bbox 295 2259 483 2301; x_wconf 91' lang='lat' dir='ltr'>Nuntiat</span> <span class='ocrx_word' id='word_1_174' title='bbox 507 2261 585 2301; x_wconf 88' lang='lat' dir='ltr'>aut</span> <span class='ocrx_word' id='word_1_175' title='bbox 610 2259 783 2313; x_wconf 89' lang='lat' dir='ltr'>aliquas</span> <span class='ocrx_word' id='word_1_176' title='bbox 810 2260 1067 2302; x_wconf 81' lang='lat' dir='ltr'>extimuisse</span> <span class='ocrx_word' id='word_1_177' title='bbox 1094 2260 1253 2302; x_wconf 88' lang='lat' dir='ltr'>minas.</span> 
     </span>
    </p>

    <p class='ocr_par' dir='ltr' id='par_1_16' title="bbox 233 2336 1507 2544">
     <span class='ocr_line' id='line_1_28' title="bbox 233 2336 1507 2392; baseline -0.001 -13"><span class='ocrx_word' id='word_1_178' title='bbox 233 2337 357 2379; x_wconf 87' lang='lat' dir='ltr'>Tunc</span> <span class='ocrx_word' id='word_1_179' title='bbox 382 2338 554 2379; x_wconf 89' lang='lat' dir='ltr'>morior</span> <span class='ocrx_word' id='word_1_180' title='bbox 577 2336 707 2386; x_wconf 87' lang='lat' dir='ltr'>curis,</span> <span class='ocrx_word' id='word_1_181' title='bbox 738 2339 847 2378; x_wconf 89' lang='lat' dir='ltr'>tunc</span> <span class='ocrx_word' id='word_1_182' title='bbox 871 2349 999 2379; x_wconf 87' lang='lat' dir='ltr'>mens</span> <span class='ocrx_word' id='word_1_183' title='bbox 1026 2338 1139 2379; x_wconf 84' lang='lat' dir='ltr'>mihi</span> <span class='ocrx_word' id='word_1_184' title='bbox 1165 2337 1340 2392; x_wconf 80' lang='lat' dir='ltr'>perdita</span> <span class='ocrx_word' id='word_1_185' title='bbox 1364 2336 1507 2392; x_wconf 87' lang='lat' dir='ltr'>fingit,</span> 
     </span>
     <span class='ocr_line' id='line_1_29' title="bbox 296 2413 1386 2467; baseline 0 -11"><span class='ocrx_word' id='word_1_186' title='bbox 296 2414 459 2466; x_wconf 88' lang='lat' dir='ltr'>Quisve</span> <span class='ocrx_word' id='word_1_187' title='bbox 486 2426 634 2455; x_wconf 90' lang='lat' dir='ltr'>meam</span> <span class='ocrx_word' id='word_1_188' title='bbox 660 2415 824 2462; x_wconf 84' lang='lat' dir='ltr'>teneat,</span> <span class='ocrx_word' id='word_1_189' title='bbox 851 2417 960 2467; x_wconf 88' lang='lat' dir='ltr'>quot</span> <span class='ocrx_word' id='word_1_190' title='bbox 983 2417 1188 2456; x_wconf 88' lang='lat' dir='ltr'>teneatve</span> <span class='ocrx_word' id='word_1_191' title='bbox 1215 2413 1386 2457; x_wconf 89' lang='lat' dir='ltr'>modis:</span> 
     </span>
     <span class='ocr_line' id='line_1_30' title="bbox 234 2489 1435 2544; baseline 0.002 -13"><span class='ocrx_word' id='word_1_192' title='bbox 234 2490 358 2532; x_wconf 83' lang='lat' dir='ltr'>Tunc</span> <span class='ocrx_word' id='word_1_193' title='bbox 384 2490 478 2539; x_wconf 89' lang='lat' dir='ltr'>tibi,</span> <span class='ocrx_word' id='word_1_194' title='bbox 507 2491 622 2539; x_wconf 89' lang='lat' dir='ltr'>lena,</span> <span class='ocrx_word' id='word_1_195' title='bbox 651 2503 809 2544; x_wconf 88' lang='lat' dir='ltr'>precor</span> <span class='ocrx_word' id='word_1_196' title='bbox 833 2489 977 2533; x_wconf 79' lang='lat' dir='ltr'>diras:</span> <span class='ocrx_word' id='word_1_197' title='bbox 1006 2492 1115 2534; x_wconf 89' lang='lat' dir='ltr'>satis</span> <span class='ocrx_word' id='word_1_198' title='bbox 1141 2492 1275 2534; x_wconf 81' lang='lat' dir='ltr'>anxia</span> <span class='ocrx_word' id='word_1_199' title='bbox 1300 2493 1435 2543; x_wconf 80' lang='lat' dir='ltr'>vives,</span> 
     </span>
    </p>

    <p class='ocr_par' dir='ltr' id='par_1_17' title="bbox 293 2568 1306 2625">
     <span class='ocr_line' id='line_1_31' title="bbox 293 2568 1306 2625; baseline 0.002 -15"><span class='ocrx_word' id='word_1_200' title='bbox 293 2568 487 2611; x_wconf 86' lang='lat' dir='ltr'>Moverit</span> <span class='ocrx_word' id='word_1_201' title='bbox 513 2581 535 2609; x_wconf 92' lang='lat' dir='ltr'>e</span> <span class='ocrx_word' id='word_1_202' title='bbox 563 2568 678 2610; x_wconf 82' lang='lat' dir='ltr'>votis</span> <span class='ocrx_word' id='word_1_203' title='bbox 703 2582 806 2622; x_wconf 87' lang='lat' dir='ltr'>pars</span> <span class='ocrx_word' id='word_1_204' title='bbox 832 2571 1160 2625; x_wconf 90' lang='lat' dir='ltr'>quotacumque</span> <span class='ocrx_word' id='word_1_205' title='bbox 1186 2570 1306 2612; x_wconf 88' lang='lat' dir='ltr'>deos.</span> 
     </span>
    </p>
   </div>
   <div class='ocr_carea' id='block_1_5' title="bbox 1640 199 1688 234">
    <p class='ocr_par' dir='ltr' id='par_1_18' title="bbox 1640 199 1688 234">
     <span class='ocr_line' id='line_1_32' title="bbox 1640 199 1688 234; baseline 0 0"><span class='ocrx_word' id='word_1_206' title='bbox 1640 199 1688 234; x_wconf 85' lang='lat'>53</span> 
     </span>
    </p>
   </div>
   <div class='ocr_carea' id='block_1_6' title="bbox 1718 738 1756 762">
    <p class='ocr_par' dir='ltr' id='par_1_19' title="bbox 1718 738 1756 762">
     <span class='ocr_line' id='line_1_33' title="bbox 1718 738 1756 762; baseline 0.026 -1"><span class='ocrx_word' id='word_1_207' title='bbox 1718 738 1756 762; x_wconf 80' lang='lat'>80</span> 
     </span>
    </p>
   </div>
   <div class='ocr_carea' id='block_1_7' title="bbox 1718 1123 1755 1147">
    <p class='ocr_par' dir='ltr' id='par_1_20' title="bbox 1718 1123 1755 1147">
     <span class='ocr_line' id='line_1_34' title="bbox 1718 1123 1755 1147; baseline 0 0"><span class='ocrx_word' id='word_1_208' title='bbox 1718 1123 1755 1147; x_wconf 76' lang='lat'>85</span> 
     </span>
    </p>
   </div>
   <div class='ocr_carea' id='block_1_8' title="bbox 1717 1510 1756 1534">
    <p class='ocr_par' dir='ltr' id='par_1_21' title="bbox 1717 1510 1756 1534">
     <span class='ocr_line' id='line_1_35' title="bbox 1717 1510 1756 1534; baseline 0 0"><span class='ocrx_word' id='word_1_209' title='bbox 1717 1510 1756 1534; x_wconf 66' lang='lat'>⁴0</span> 
     </span>
    </p>
   </div>
   <div class='ocr_carea' id='block_1_9' title="bbox 1717 1895 1755 1920">
    <p class='ocr_par' dir='ltr' id='par_1_22' title="bbox 1717 1895 1755 1920">
     <span class='ocr_line' id='line_1_36' title="bbox 1717 1895 1755 1920; baseline -0.026 0"><span class='ocrx_word' id='word_1_210' title='bbox 1717 1895 1755 1920; x_wconf 73' lang='lat'>65</span> 
     </span>
    </p>
   </div>
   <div class='ocr_carea' id='block_1_10' title="bbox 1715 2282 1754 2306">
    <p class='ocr_par' dir='ltr' id='par_1_23' title="bbox 1715 2282 1754 2306">
     <span class='ocr_line' id='line_1_37' title="bbox 1715 2282 1754 2306; baseline 0 0"><span class='ocrx_word' id='word_1_211' title='bbox 1715 2282 1754 2306; x_wconf 80' lang='lat'>⁵0</span> 
     </span>
    </p>
   </div>
  </div>
 </body>
</html>
