1942 3132
790 225 1007 258 manneus
1024 226 1100 257 vn.
1631 214 1701 250 331

199 345 250 389 'm
273 344 438 387 tabulis
464 346 635 389 ceratis.
661 345 901 400 Postquam
927 343 1191 387 Corinthum
1219 359 1318 388 cum
1340 347 1571 388 meretrice
1595 359 1703 402 qua-

203 420 304 464 dam
330 434 424 464 rem
451 421 661 465 habuisse
690 421 870 471 audivit,
894 421 988 465 haec
1010 420 1162 463 scribit
1182 422 1333 465 iuveni
1357 422 1524 465 infideli
1546 423 1704 466 acerba

202 511 303 540 cum
329 512 498 542 iroma:

364 596 537 637 Gratum
565 599 636 644 est,
668 609 834 637 securus
863 597 1038 636 multum
1069 597 1177 648 quod
1205 598 1291 636 iam
1319 597 1394 636 tibi
1423 598 1472 637 de
1501 611 1567 637 me

415 668 638 715 Permittis,
667 668 803 709 subito
831 681 885 708 ne
912 667 1023 707 male
1050 668 1197 718 inepta
1225 668 1387 707 cadam.

363 739 426 780 Sit
452 739 529 779 tibi
557 752 653 780 cura
681 741 785 789 togae
813 741 952 791 potior
978 752 1246 791 pressumque
1276 741 1448 790 quasillo

417 810 619 858 Scortum,
650 822 771 861 quam
803 809 918 851 Servi
946 809 1041 854 filia,
1075 809 1268 860 Sulpicia.
1331 834 1333 836 -

203 959 401 1014 Sulpicia
425 962 562 1014 igitur
585 961 747 1011 timuit,
775 974 834 1002 ne
870 961 1025 1015 inepto
1064 974 1214 1003 amore
1253 961 1436 1016 abrepta
1473 963 1615 1003 totam
1655 977 1704 1005 se

203 1037 416 1080 Cerintho
443 1037 633 1085 dederet,
662 1051 797 1092 quare
825 1037 977 1080 scribit
1002 1041 1178 1092 gratum
1205 1051 1302 1080 esse
1341 1037 1436 1088 sibi,
1478 1038 1596 1092 quod
1635 1040 1701 1082 in-

202 1114 459 1157 fidelitatem
493 1114 695 1162 Cerinthi
731 1116 994 1169 tempestive
1032 1115 1314 1169 cognover1t;
1354 1115 1437 1157 hac
1476 1116 1595 1157 enim
1633 1117 1703 1158 in—

201 1191 417 1236 fidelitate
456 1207 502 1236 se
539 1196 764 1236 retentum
806 1193 874 1242 iri,
917 1207 975 1235 ne
1013 1194 1165 1237 iuveni
1206 1193 1392 1247 indigno
1431 1194 1701 1236 succumbat.

202 1269 360 1312 Postea
385 1273 535 1312 tamen
560 1270 608 1311 in
634 1270 822 1324 gratiam
859 1269 976 1311 redit
1012 1282 1115 1312 cum
1153 1283 1204 1311 eo
1244 1272 1288 1312 et
1325 1271 1551 1315 amantes
1552 1273 1702 1313 .noctu

202 1347 498 1389 conveniunt:
526 1346 604 1389 sed
631 1346 738 1388 vicit
764 1360 960 1389 amorem
987 1346 1220 1401 virginalis
1246 1347 1389 1402 pudor
1421 1349 1466 1389 et
1504 1346 1703 1402 Sulpicia

202 1424 356 1467 territa
387 1425 507 1479 vfugit
545 1438 597 1467 ex
635 1424 841 1478 amplexu
880 1424 1094 1467 Cerinthi.
1135 1424 1353 1469 Postridie
1391 1425 1481 1466 iam
1520 1426 1708 1479 paenitet

201 1514 299 1544 eam
325 1501 429 1545 facti
455 1501 685 1556 talemque·
705 1501 945 1555 epistulam
972 1501 1124 1544 scribit
1150 1501 1302 1543 iuveni
1329 1501 1416 1553 (IV.
1449 1502 1558 1554 102.):

363 1623 422 1662 Ne
451 1624 526 1663 tibi
554 1624 645 1669 sim,
676 1622 769 1662 mea
798 1623 880 1670 lux,
909 1635 1022 1674 aeque
1051 1624 1136 1662 iam
1165 1623 1321 1662 fervida
1339 1636 1457 1670 cura,

421 1694 479 1733 Ac
505 1693 649 1733 videor
676 1706 831 1744 paucos
860 1695 956 1732 ante
985 1693 1110 1732 fuisse
1140 1694 1238 1740 dies,

364 1763 408 1803 Si
439 1765 655 1815 quicquam
683 1767 771 1804 tota
798 1766 986 1804 commisi
1017 1767 1142 1804 stulta
1170 1767 1348 1813 iuventa,

419 1835 544 1876 Cuius
572 1848 638 1875 me
667 1836 800 1875 fatear
827 1837 1066 1887 paenituisse
1095 1836 1238 1885 magis,

362 1908 569 1948 Hesterna
598 1920 719 1965 quam
749 1911 791 1948 te
820 1909 953 1948 solum
985 1908 1092 1959 quod
1121 1911 1241 1948 nocte
1269 1909 1429 1960 reliqui,

417 1963 816 2029 Ardoremeupiens
845 1979 1103 2019 dissimulare
1132 1992 1283 2018 meum.

204 2114 290 2160 Sed
313 2130 415 2158 mox
440 2118 592 2159 tamen
619 2116 851 2158 succubuit
877 2116 1018 2158 amori
1046 2118 1090 2158 et
1113 2119 1210 2158 tum
1237 2117 1414 2171 scripsit
1439 2130 1618 2158 carmen
1642 2118 1705 2160 *in

203 2194 494 2248 quaestionem
518 2196 727 2236 vocatum
754 2193 839 2247 (IV.
870 2195 953 2246 7.):

369 2293 556 2350 Taedem
582 2311 694 2350 venit
723 2322 855 2358 amor,
887 2311 1048 2360 qualem
1076 2309 1416 2360 texisse‘pudori,

418 2381 551 2429 Quam
578 2381 756 2421 nudasse
786 2381 920 2428 alicui,
949 2381 1004 2420 sit
1031 2382 1148 2428 mihi,
1177 2381 1318 2427 Fama,
1348 2382 1491 2430 magis.

363 2450 544 2492 Exorata
571 2454 675 2492 meis
702 2454 821 2492 illum
851 2452 1055 2504 Cytherea
1083 2452 1275 2492 Camenis

418 2521 568 2563 Attulit
594 2524 640 2563 in
667 2526 857 2563 nostrum
885 2524 1156 2575 deposuitque
1185 2526 1334 2564 sinum.

364 2593 549 2633 Exsolvit
577 2595 779 2645 promissa
807 2594 972 2634 Venus:
1001 2607 1095 2634 mea
1123 2595 1272 2645 gaudia
1301 2598 1451 2641 narret,

419 2664 587 2704 Dicetur
614 2667 647 2705 si
679 2667 770 2717 quis
798 2679 885 2707 non
913 2667 1106 2706 habuisse
1135 2679 1218 2706 sua.
