1942 3132
779 238 837 268 u>
856 239 887 268 1.
911 236 945 274 5,
969 236 1136 267 53—66.
1647 223 1712 266 151.

205 358 350 400 tentia
373 358 543 400 viscera
578 357 736 400 rostris
759 356 817 399 Et
841 356 1028 411 plenum
1063 357 1172 409 poto
1200 356 1419 409 sanguine
1457 359 1613 409 guttur
1636 357 1715 399 ha·

204 434 325 477 bent.
354 434 435 476 Est
459 434 552 476 illis
578 433 791 488 strigibus
828 445 1009 482 nomen,
1039 431 1117 474 sed
1154 432 1355 473 nominis
1395 431 1529 474 huius
1556 432 1713 482 Causa,

207 511 326 567 quod
372 511 646 554 horrendum
693 509 878 552 stridere
924 511 1055 552 noete
1103 509 1293 551 solent».
1338 508 1400 552 Cf.
1444 510 1564 551 infra
1600 510 1633 551 L
1674 511 1715 559 6,

205 590 397 632 47—48.
426 588 481 631 de
523 587 750 631 sacerdote
775 586 1002 629 BeHonae:
1035 587 1164 641 «Ipsa
1203 586 1401 641 bipenne
1442 599 1548 628 suos
1591 586 1719 629 caedit

206 666 408 710 violenta
433 667 624 708 lacertos
650 663 965 719 Sanguineque
994 663 1135 706 effuso
1163 663 1332 718 spargit
1368 663 1518 705 inulta
1543 662 1715 706 deam».

267 742 317 786 V.
345 744 536 786 53—58.
562 742 687 799 fame
711 741 989 791 stimulante,
1017 744 1067 783 ut
1104 741 1199 783 Iuv.
1229 740 1319 798 Sat.
1347 740 1468 783 XIII.
1499 742 1583 783 84:
1616 743 1719 783 «sti—

206 820 410 862 mulante
448 821 565 862 fame
603 819 790 861 festinat
815 818 871 861 ad
907 819 1078 861 illam».
1105 844 1164 847 —
1190 818 1330 875 fame,
1358 819 1521 860 ultima
1547 818 1719 873 syllaba

205 896 434 951 producta,
465 899 516 939 ut
556 896 804 951 saepissime
843 896 963 951 apud
1004 899 1175 950 poetas,
1220 909 1256 939 e.
1286 910 1325 949 g.
1353 896 1453 938 loco
1491 895 1720 938 Iuvenalis

209 987 345 1029 supra
370 972 489 1016 laud.
518 975 563 1015 et
586 973 715 1016 Luer.
742 973 824 1016 ΠΙ,
854 975 953 1017 730.
972 999 1031 1002 —
1046 972 1302 1030 herbasque
1326 973 1550 1029 sepulcris
1579 972 1718 1025 Quae-

207 1053 293 1101 rat,
320 1050 440 1093 unde
465 1065 523 1093 ne
548 1051 699 1106 pecori
725 1050 906 1106 quidem
933 1051 1095 1093 herbas
1133 1064 1315 1105 carpere
1354 1051 1470 1096 lieet.
1500 1054 1551 1093 ut
1577 1051 1722 1093 elucet

208 1128 286 1171 Ov.
313 1129 433 1171 Fast.
461 1128 534 1171 IV.
566 1130 829 1179 749—750.,
859 1129 935 1171 ubi
963 1129 1196 1183 sacrilegia
1234 1131 1470 1183 pastorum
1502 1128 1721 1170 Palilibus

208 1206 430 1262 expianda
471 1209 733 1249 enumerat:
766 1205 894 1249 «Sive
934 1219 1060 1249 sacro
1101 1207 1206 1261 pavi
1248 1206 1399 1249 sedive
1438 1206 1520 1248 sub
1563 1206 1720 1248 arbore

209 1297 335 1326 saera
359 1283 618 1338 Pabulaque
646 1297 669 1325 e
697 1283 842 1325 bustis
867 1284 1012 1326 inscia
1037 1284 1205 1338 carpsit
1230 1284 1368 1326 ovis».
1396 1309 1456 1313 —
1484 1282 1657 1327 Currat
1680 1285 1723 1327 et

208 1360 477 1418 inguinibus
501 1358 640 1403 ‘nudis
666 1359 902 1417 ululetque
921 1373 1008 1417 per
1023 1360 1175 1411 urbes,
1192 1375 1249 1403 se.
1267 1362 1416 1403 furore
1430 1364 1648 1415 correpta.
1664 1386 1723 1390 --

207 1436 316 1481 Post
356 1440 483 1495 aqut,
515 1451 542 1480 a
578 1440 703 1492 tergo
746 1451 939 1493 sequens
980 1442 1097 1493 agat,
1139 1441 1191 1481 ut
1227 1439 1261 1481 Ι.
1295 1440 1359 1488 10,
1391 1440 1473 1481 Ξ4ε
1507 1439 1722 1494 «Postque

209 1528 404 1566 comes»;
442 1515 562 1558 idem
600 1515 823 1569 signifieat
847 1516 881 1558 L
911 1517 950 1566 2,
980 1517 1067 1559 67:
1100 1517 1263 1559 «victas
1296 1519 1401 1570 agat
1439 1519 1543 1559 ante
1582 1518 1722 1558 cater-

208 1605 311 1636 vas»
342 1594 370 1635 i.
396 1607 432 1635 e.
461 1597 564 1635 ante
598 1607 657 1636 se.
686 1619 745 1622 —
770 1607 793 1637 e
820 1593 983 1643 triviis,
1022 1594 1158 1649 iunge
1184 1608 1287 1636 eum
1322 1607 1492 1637 canum
1535 1593 1724 1650 epitheti

209 1670 374 1720 modo:
411 1670 563 1712 lenam
601 1674 850 1725 sequuntur
874 1684 1009 1713 canes
1037 1686 1059 1713 e
1086 1673 1243 1721 triviis,
1273 1673 1300 1714 i.
1335 1686 1372 1714 e.
1402 1673 1477 1727 qui
1504 1673 1552 1714 in
1579 1671 1723 1713 triviis

211 1760 309 1790 esse
347 1748 520 1796 solent;
558 1749 613 1790 ef.
649 1761 784 1801 supra
809 1748 842 1790 I.
873 1751 911 1797 3,
946 1750 1024 1791 12:
1058 1763 1106 1790 «e
1146 1749 1292 1791 triviis
1330 1763 1484 1803 puer»,
1526 1749 1552 1790 i.
1583 1763 1619 1791 e.
1647 1749 1723 1802 qui

210 1824 260 1866 in
284 1823 429 1865 triviis
454 1824 690 1866 vaticinari
717 1824 842 1867 solet.
870 1825 924 1866 In
955 1825 1101 1867 triviis
1140 1827 1398 1879 frequentes
1437 1829 1565 1867 erant
1590 1839 1724 1867 canes

210 1900 325 1954 vagi,
367 1900 443 1955 qui
479 1900 776 1943 vescebantur
813 1905 1005 1943 stercore
1048 1901 1110 1944 ibi
1149 1902 1304 1951 eiecto,
1343 1902 1463 1944 unde
1496 1901 1573 1944 Ov.
1602 1902 1721 1945 Fast'.

212 1977 262 2019 V.
296 1978 404 2019 140:
439 1978 659 2031 «compita
683 1981 810 2031 grata
834 1979 980 2021 cani».
1007 2003 1066 2007 —
1092 1992 1273 2035 aspera,
1303 1981 1408 2021 fera.
1427 2004 1486 2008 —
1512 1977 1725 2023 Eveniet:

213 2053 294 2099 dat
317 2054 455 2113 siqua
481 2052 608 2104 deus,
638 2058 690 2097 ut
715 2055 835 2097 infra
859 2055 916 2098 Π.
950 2057 985 2106 1,
1014 2057 1217 2099 25—26:
1251 2056 1504 2099 «Eventura
1542 2070 1724 2111 precor:

211 2131 345 2174 viden
385 2134 436 2172 ut
477 2131 683 2173 felicibus
724 2133 837 2175 extis
885 2132 1115 2187 Signifieet
1158 2133 1361 2188 placidos
1407 2134 1568 2176 nuntia
1613 2133 1725 2177 fibra

213 2209 322 2252 deos
334 2213 397 2259 ?»;
424 2209 574 2251 locum
612 2210 816 2252 imitatur
841 2209 918 2253 Ov.
946 2210 1010 2253 Ib.
1044 2211 1303 2254 127—128:
1337 2212 1608 2255 «Evenientz
1650 2212 1723 2254 de·

213 2285 280 2329 dit
302 2286 399 2340 ipse
438 2286 552 2328 mihi
589 2286 724 2329 modo
767 2288 896 2342 signa
937 2288 1076 2330 futuri
1117 2288 1355 2331 Phoebus».
1383 2313 1442 2317 —
1467 2287 1549 2332 dat
1588 2289 1725 2346 siyna

213 2362 339 2412 deus,
383 2366 518 2417 poeta
564 2377 697 2405 omen
739 2377 786 2406 se
824 2365 1047 2420 accepisse
1093 2365 1237 2420 fingit.
1280 2391 1339 2395 —
1379 2368 1487 2409 sunt
1527 2367 1725 2409 numina

213 2439 404 2489 amanti,
434 2453 492 2482 sc.
515 2439 725 2494 propitia.
742 2439 955 2485 —Saevit
980 2444 1022 2485 et
1045 2442 1225 2486 iniusta
1251 2444 1345 2499 leye
1370 2442 1533 2486 relicta
1558 2441 1723 2495 Venus,

213 2518 242 2560 i.
277 2531 313 2560 e.
353 2530 455 2559 eum
494 2517 709 2559 alteruter
745 2518 996 2561 amantium
1033 2518 1200 2574 perfide
1231 2519 1396 2562 deserit
1434 2521 1638 2562 alterum.
1666 2545 1724 2548 —

213 2594 390 2639 iniusta
417 2595 525 2652 leye,
555 2594 832 2638 condicione.

274 2672 325 2715 V.
352 2674 543 2715 59-66,
573 2685 698 2730 3α9ω
724 2675 957 2729 praecepta
991 2674 1191 2731 rapacis,
1219 2687 1315 2730 quae
1342 2674 1526 2717 divitem
1553 2678 1722 2716 amato·

213 2761 310 2792 rem
349 2750 539 2804 pauperi
589 2749 916 2804 praeferendum
971 2764 1068 2794 esse
1121 2755 1302 2802 monet;
1347 2752 1460 2794 talia
1504 2754 1723 2805 praeeepta
