1942 3132
738 239 795 270 u>
814 239 872 269 ιν.
895 238 930 277 8,
957 237 1074 268 1—4.
1583 225 1653 260 ⁶225

161 372 315 409 amice,
345 362 396 400 ut
420 358 526 401 Hor.
555 357 698 400 Carm.
727 356 760 398 Ι.
781 357 848 406 3⁶2,
880 357 1024 398 2—3:
1058 355 1199 410 «quod
1218 359 1260 397 et
1277 354 1465 398 hunc'in
1484 371 1652 400 annum

161 435 290 478 Vivat
316 440 360 478 et
378 436 571 491 plures».
598 458 657 463 —-
684 432 789 475 huic
814 433 971 489 fumet,
997 434 1147 475 videat
1173 434 1346 475 fumum
1373 434 1577 476 sacrificii
1606 437 1652 478 in

162 526 239 555 ara
265 513 479 562 Iunonis3
518 512 569 554 cf.
610 510 736 552 Lucr.
766 510 836 552 VJ.
879 510 990 552 752:
1036 511 1238 553 «fumant
1275 512 1433 554 altaria
1466 512 1652 562 donis»;

161 590 268 631 Hor.
297 590 438 632 Carm.
466 588 543 631 III.
579 590 640 638 18,
673 590 814 631 7-8:
848 592 998 630 «vetus
1027 602 1104 631 ara
1128 591 1270 632 multo
1287 590 1452 632 Fumat
1477 591 1652 634 odore».

162 666 368 710 Ceterum
396 666 499 710 huic
537 670 602 708 est
639 679 740 708 mea
766 666 1046 715 coniectura3
1085 667 1137 708 cf.
1178 667 1295 709 infra
1335 667 1434 709 adn.
1476 668 1569 709 crit.
1600 668 1655 709 ad

162 744 205 786 h.
233 745 260 786 1.
290 769 347 773 -
368 742 566 800 Dignior
592 745 657 787 est
683 745 829 786 vestro
859 743 990 786 nulla
1011 743 1170 798 puella
1186 742 1339 796 choro,
1358 758 1453 799 quae
1480 745 1528 786 in
1554 745 1655 787 cho-

154 835 261 863 rum
286 821 515 863 Musarum
542 821 781 875 recipiatur
806 824 1035 875 tamquam
1054 820 1185 862 Musa
1202 820 1399 870 decima;
1427 823 1521 863 erat
1536 823 1656 864 enim

163 896 358 951 Sulpicia
381 898 554 952 poetria
594 898 867 940 doctissima.
906 897 968 940 Cf.
1011 898 1129 939 infra
1164 898 1264 939 adn.
1309 897 1364 939 ad
1402 898 1475 940 IV.
1520 900 1556 948 6,
1603 900 1656 941 2:

168 975 320 1017 «docta
343 975 518 1029 puella»
548 980 590 1016 et
616 976 742 1030 Prop.
771 976 826 1017 ΙΙ.
869 976 935 1025 30,
968 976 1154 1017 37-—38.
1184 974 1237 1016 de
1265 975 1458 1029 Cynthia
1483 976 1657 1029 poetria

162 1051 210 1093 in
235 1051 417 1093 chorum
443 1051 675 1094 Musarum
701 1066 727 1094 a
753 1053 927 1094 Baccho
956 1052 1188 1094 ductarum
1216 1055 1419 1106 recepta:
1464 1051 1657 1104 «(Musae)

162 1130 205 1169 te
229 1129 373 1182 prima
400 1132 599 1171 statuent
623 1130 672 1170 in
698 1132 822 1183 parte
842 1130 1012 1172 choreae
1038 1130 1096 1170 Et
1118 1129 1292 1170 medius
1319 1129 1450 1171 docta
1476 1129 1658 1183 cuspide

161 1205 360 1248 Bacchus
387 1207 512 1248 erit».
553 1207 698 1249 Poetae
738 1209 858 1249 enim
886 1207 1138 1261 adiungunt
1165 1220 1210 1248 se
1237 1207 1372 1248 choro
1400 1206 1657 1257 Musarum;

164 1284 216 1325 cf.
243 1283 370 1338 Prop.
399 1284 476 1326 HL
509 1288 544 1334 2,
582 1286 777 1326 13---442
811 1285 889 1325 «At
907 1269 1249 1326 Musaecomites
1269 1286 1313 1325 et
1330 1284 1532 1325 carmina
1557 1297 1660 1326 cara

162 1360 329 1415 legenti
354 1362 411 1402 Et
437 1361 611 1403 defessa
636 1362 785 1404 choris
813 1361 1043 1416 Calliopea
1065 1362 1201 1402 meis»
1227 1364 1270 1402 et
1295 1361 1372 1402 ΠΙ.
1395 1363 1433 1410 5,
1468 1362 1659 1404 19—20:

170 1437 266 1480 «Me
292 1440 414 1480 iuvet
438 1439 486 1480 in
511 1441 657 1493 prima
683 1440 875 1481 coluisse
901 1439 1121 1481 Helicona
1142 1439 1324 1480 iuventa
1341 1437 1659 1493 Musarumque

163 1516 311 1559 choris
336 1516 612 1571 implicuisse
637 1529 842 1558 manus».

878 1759 937 1802 Π.

707 1910 796 1951 Lib.
824 1910 897 1950 IV.
926 1911 1040 1961 eleg.
1068 1913 1108 1951 3.

227 2054 601 2099 Introductio.
634 2053 872 2097 Cerinthus
897 2067 1000 2096 cum
1025 2057 1151 2108 patre
1176 2057 1389 2097 venatum
1415 2054 1537 2097 abiit.
1567 2052 1665 2097 Sul·

171 2134 286 2188 picia
310 2135 435 2175 metu
459 2134 615 2174 vexata
641 2131 695 2174 ad
734 2145 892 2186 aprum
917 2130 1051 2174 verba
1076 2131 1194 2182 facit,
1234 2145 1290 2174 ne
1315 2131 1521 2174 vulneret
1546 2145 1666 2173 ama-

169 2213 313 2252 torem
338 2210 515 2262 (1-4.),
532 2207 692 2250 deinde
709 2207 995 2250 venationem
1012 2207 1258 2250 detestatur
1273 2209 1463 2261 (5—10).
1491 2207 1666 2250 Tolera-

170 2291 318 2330 turam
345 2290 496 2329 tamen
523 2299 569 2329 se
606 2286 752 2340 ipsam
777 2285 973 2328 venandi
1010 2285 1184 2329 labores
1223 2285 1429 2336 affirmat,
1470 2286 1508 2328 si
1533 2285 1666 2328 modo

171 2377 273 2406 cum
298 2363 511 2406 Cerintho
537 2363 586 2404 in
612 2362 736 2405 silvis
774 2375 871 2405 esse
900 2365 943 2404 et
968 2361 1031 2404 ibi
1055 2362 1226 2405 Venere
1254 2363 1341 2404 frui
1367 2362 1511 2416 possit
1536 2362 1669 2414 (11—

177 2442 256 2493 18).
283 2440 338 2482 In
362 2439 452 2482 fine
478 2442 632 2481 monet
665 2439 887 2488 iuvenem,
912 2452 969 2480 ne
997 2439 1051 2481 ab
1078 2438 1180 2481 aliis
1203 2438 1368 2493 puellis
1397 2451 1442 2480 se
1469 2437 1567 2491 capi
1591 2449 1668 2491 pa-

170 2517 318 2566 tiatur,
349 2515 426 2558 sed
451 2529 585 2570 quam
610 2515 807 2569 primum
832 2514 889 2558 ad
912 2516 1104 2557 amicam
1130 2517 1327 2556 recurrat
1360 2514 1582 2566 (19—24).

231 2594 282 2637 V.
315 2595 439 2637 1-4.
467 2592 611 2636 Parce
640 2604 740 2636 meo
765 2592 945 2636 iuveni.
1051 2604 1178 2648 aper,
1214 2591 1377 2646 puellis
1417 2589 1671 2633 amantibus

172 2673 392 2727 proecipue
419 2670 697 2722 formidatae,
736 2671 841 2725 quia
864 2669 1059 2713 Adonim
1086 2683 1112 2712 a
1137 2670 1307 2712 Venere
1334 2671 1531 2711 amatum
1558 2667 1670 2709 occi-

174 2748 265 2800 dit;
290 2750 343 2792 cf.
372 2749 500 2804 Prop.
536 2748 593 2791 IL
627 2749 692 2797 13,
720 2748 923 2790 53—54:
967 2749 1067 2802 «qui
1104 2748 1286 2789 niveum
1324 2744 1547 2800 quondam
1573 2758 1670 2798 per-

245 2843 421 2878 Nemahy:
439 2843 524 2872 Alou
545 2842 665 2871 Tenum·
684 2842 851 2871 carmina.
1486 2827 1528 2860 15
