1942 3132
785 215 843 245 Al>
855 215 911 245 ⁴11.
932 213 968 251 4,
991 213 1158 245 35—44.
1649 203 1718 239 247

230 334 385 375 ianuas
410 333 624 384 claudere,
664 336 714 376 ut
750 333 806 375 ab
830 333 1103 375 amatoribus
1127 334 1364 388 pecuniam
1399 329 1637 389 exigerent.
1663 361 1721 365 ——--

231 409 288 455 Et
310 410 452 468 coepit
475 414 623 455 custos
651 409 827 454 liminis
852 422 946 453 esse
979 410 1121 461 canis,
1151 411 1205 453 cf.
1238 410 1339 453 adn.
1367 424 1501 465 supra
1539 412 1594 454 ad
1618 413 1651 455 Ι.
1681 414 1718 465 6,

232 489 310 530 3:22
345 488 534 530 ucanis».
560 512 618 516 —
644 484 734 530 Sed
757 486 956 542 pretium
970 487 1012 530 si
1027 486 1204 544 yrande
1224 486 1362 543 feras,
1380 488 1588 532 custodia
1605 489 1723 534 victa

231 568 306 616 est,
331 563 423 608 Nec
441 563 688 621 prohibent
712 565 860 608 claves
888 567 929 608 et
954 565 1083 608 canis
1109 565 1207 621 ipse
1224 567 1351 614 tacet,
1375 565 1494 608 idem
1511 567 1599 608 fere
1618 567 1724 609 dicit

231 645 455 684 auctorem
501 640 703 684 Graecum
749 642 1048 696 antiquiorem
1085 655 1187 684 cum
1227 643 1402 685 Tibullo
1440 657 1723 686 communem

232 721 408 761 secutus
433 718 668 773 Antipater
683 718 1099 762 Thessalonicensis
1115 720 1265 772 (Anth.
1283 720 1374 762 Pal.
1392 720 1441 763 V.
1464 722 1533 771 30,
1553 723 1722 773 3—4.):

219 794 304 840 Ἢν
330 799 403 854 μὲν
429 799 507 853 γὰρ
531 799 578 839 τὸ
603 800 803 854 χάραγμα
823 801 970 856 φέρῃς,
998 798 1132 856 φίλος·
1159 795 1252 840 οὔτε
1279 799 1470 854 θυρωρὸς
1497 796 1568 840 Ἐν
1593 801 1724 850 ποσίν,

231 873 322 918 οὔτε
346 877 454 919 κύων
480 873 522 917 ἐν
547 875 770 930 προθύροις
798 875 988 924 δὲδεται;
1028 875 1191 916 Tibulli
1231 875 1379 917 locum
1418 876 1637 930 respicere
1662 876 1724 918 vi—

232 951 392 994 dentur
414 951 546 1006 Prop.
583 951 656 993 IV.
685 954 723 1002 5,
752 953 955 994 47—48:
989 952 1183 994 «Ianitor
1220 952 1275 994 ad
1300 951 1458 995 dantes
1482 953 1660 1008 vigilet:
1689 954 1723 995 si

231 1030 381 1084 pulset
404 1030 565 1079 inanis,
608 1028 776 1071 Surdus
814 1030 862 1070 in
901 1029 1135 1071 obductam
1162 1030 1357 1072 somniet
1387 1044 1527 1085 usque
1554 1044 1722 1072 seram»

234 1110 278 1149 et
303 1106 381 1149 Ov.
408 1108 505 1149 Am.
531 1107 610 1149 111.
639 1108 679 1157 8,
710 1106 910 1149 63—64:
960 1106 1054 1148 «Me
1080 1107 1290 1161 prohibet
1313 1109 1473 1158 custos,
1503 1108 1552 1149 in
1577 1121 1648 1150 me
1673 1108 1726 1149 ti-

233 1187 326 1226 met
349 1185 428 1226 illa
452 1185 688 1226 maritum:
729 1182 775 1225 Si
801 1184 1011 1235 dederim,
1052 1187 1147 1227 tota
1172 1185 1297 1228 cedet
1331 1188 1518 1240 uterque
1550 1186 1726 1228 domo».

292 1261 342 1303 V.
371 1263 426 1304 35
436 1263 561 1304 —38.
588 1261 758 1311 attulit,
797 1261 979 1304 addidit.
1006 1287 1065 1291 —
1089 1262 1284 1319 infamis
1322 1274 1443 1306 nunc
1478 1261 1592 1306 deus
1619 1265 1730 1306 esset

233 1338 388 1388 Amor,
416 1351 549 1388 nunc,
579 1352 637 1380 sc.
665 1341 792 1381 aetate
833 1340 1006 1389 ferrea;
1032 1340 1086 1381 cf.
1114 1339 1231 1381 infra
1255 1340 1312 1381 Π.
1342 1341 1378 1390 3,
1409 1340 1492 1383 31:
1537 1340 1730 1382 «Fabula

232 1429 353 1458 nunc
378 1416 457 1458 illa
483 1419 592 1466 est»,
620 1416 698 1458 ubi
724 1417 919 1459 ferreum
946 1417 1158 1459 saeculum
1184 1418 1428 1472 opponitur
1453 1418 1729 1472 simplicitati

233 1493 525 1547 antiquitatis.

235 1584 241 1587 ’
294 1570 344 1612 V.
372 1572 559 1613 39--44.
580 1571 731 1626 pretio
756 1571 909 1622 victos,
937 1571 1247 1626 magnitudine
1263 1585 1501 1614 munerum
1519 1586 1545 1614 a
1560 1572 1730 1614 ditiori-

235 1648 318 1690 bus
343 1648 597 1691 amantibus
624 1652 869 1704 superatos.
895 1675 954 1678 —
980 1648 1186 1693 eoecludis
1210 1652 1433 1700 amantes,
1461 1651 1514 1692 cf.
1534 1648 1611 1692 Ov.
1634 1650 1730 1691 Am.

235 1725 270 1766 Ι.
298 1727 337 1774 6,
368 1728 437 1769 31.
464 1726 517 1768 de
542 1727 760 1769 ianitore:
793 1727 936 1780 «Quid
974 1728 1109 1769 facies
1147 1728 1278 1777 hosti,
1323 1727 1396 1781 qui
1436 1728 1499 1769 sic
1537 1727 1732 1769 excludis

238 1807 462 1845 amantem
474 1805 518 1845 P»
551 1806 595 1845 et
618 1804 669 1846 A.
695 1804 747 1845 A.
773 1803 856 1846 ΠΙ.
875 1805 945 1846 69.
966 1803 1018 1846 de
1035 1804 1211 1858 puella:
1245 1817 1365 1858 «quae
1391 1817 1510 1846 nunc
1538 1803 1733 1846 excludis

238 1882 482 1922 amantes».
508 1905 567 1909 —
593 1879 809 1937 Eripiant
828 1883 996 1937 partas
1012 1883 1170 1924 ventus
1196 1883 1236 1924 et
1257 1881 1379 1938 ignis
1395 1893 1511 1936 opes,
1531 1881 1586 1922 cf.
1603 1880 1732 1934 Prop.

237 1957 294 1999 Π.
326 1959 390 2008 16,
418 1958 621 2001 43—46:
655 1956 766 2000 «Sed
797 1971 1098 2012 quascumque
1139 1958 1219 1999 tibi
1244 1961 1406 2009 vestes,
1433 1970 1733 2012 quoscumque

239 2035 510 2090 smaragdos,
549 2036 724 2089 Quosve
750 2035 873 2078 dedit
907 2035 1022 2078 flavo
1059 2035 1231 2077 lumine
1268 2035 1578 2089 chrysolithos,
1628 2034 1735 2076 Haec

238 2111 412 2154 videam
443 2112 621 2168 rapidas
657 2114 707 2156 in
732 2127 899 2156 vanum
939 2115 1053 2156 ferre
1089 2113 1319 2168 procellas,
1362 2112 1468 2165 Quae
1494 2113 1576 2155 tibi
1602 2115 1734 2163 terra,

240 2190 386 2239 velim,
414 2204 510 2245 quae
541 2191 623 2233 tibi
648 2190 726 2233 fiat
752 2204 910 2247 aqua».
937 2216 996 2220 —
1022 2193 1179 2235 ventus
1217 2193 1257 2235 et
1283 2190 1415 2247 iynis,
1455 2190 1574 2244 ignis
1600 2193 1733 2231 vento

241 2270 410 2310 auctus.
437 2292 496 2297 —
525 2266 648 2320 Quin
675 2271 755 2311 tua
795 2270 903 2311 tunc
929 2268 1114 2312 iuvenes
1153 2270 1352 2325 spectent
1388 2266 1602 2311 incendia
1630 2266 1731 2317 lecti,

240 2348 290 2386 ut
315 2343 369 2387 de
394 2344 544 2398 puella
568 2344 706 2387 infida
731 2358 867 2400 supra
891 2345 925 2388 I.
960 2347 1000 2394 6,
1029 2346 1231 2388 81—82:
1276 2345 1427 2387 «Hane
1454 2345 1604 2386 animo
1631 2357 1736 2398 gau-

241 2421 372 2463 dente
388 2420 542 2463 vident
566 2421 866 2477 iuvenumque
892 2425 1076 2464 catervae
1103 2421 1466 2464 Commemorant
1489 2421 1650 2463 merito
1672 2422 1738 2462 tot

241 2498 360 2539 mala
386 2499 499 2539 ferre
517 2511 711 2540 senem».
730 2523 788 2527 —
803 2498 1010 2554 flammoe
1030 2532 1040 2541 .
1066 2532 1076 2541 .
1098 2531 1109 2541 .
1138 2496 1283 2541 addat
1309 2510 1494 2555 aquam,
1514 2497 1736 2547 infundat,

243 2579 293 2616 ut
330 2573 408 2616 Ov.
447 2574 572 2616 Rem.
610 2575 721 2617 552:
770 2574 935 2630 «Inque
978 2588 1080 2617 suas
1122 2574 1315 2629 gelidam
1355 2574 1585 2628 lampadas
1617 2573 1738 2615 addit

243 2665 427 2706 aquam»
459 2655 503 2694 et
526 2651 592 2693 Ex
614 2651 744 2694 Pont.
770 2653 804 2695 L
833 2654 873 2703 8,
902 2653 986 2695 46:
1020 2652 1109 2694 «Ad
1126 2655 1222 2694 sata
1239 2653 1447 2694 fontanas
1470 2683 1480 2692 .
1505 2683 1515 2692 .
1539 2683 1550 2692 .
1578 2649 1737 2691 addere

244 2743 424 2784 aquas».
441 2755 499 2759 —
524 2727 617 2773 Seu
641 2729 796 2780 veniet,
824 2730 897 2772 vel
923 2730 961 2772 si
987 2731 1162 2779 veniet;
1189 2730 1244 2771 cf.
1271 2728 1371 2771 adn.
1401 2741 1535 2782 supra
1562 2726 1616 2769 ad
1642 2727 1674 2768 Ι.
1695 2728 1735 2777 6,
