1942 3132
751 226 809 256 u>
828 226 878 256 11.
900 225 934 263 s,
959 223 1126 256 73—80.
1619 212 1687 246 271

195 344 452 387 emantibus
497 358 641 388 aureae
686 343 843 387 aetatis.
884 367 942 372 —
982 342 1225 399 aspirabat
1272 341 1428 397 Amor,
1473 344 1694 398 propitius

192 423 313 471 arat;
352 422 407 464 cf.
447 421 548 464 adn.
576 434 710 477 supra
749 419 805 463 ad
828 420 885 462 H.
918 421 954 470 1,
982 421 1065 462 80:
1098 419 1321 474 «placidus
1358 419 1520 462 leniter
1557 420 1693 463 adflat

188 499 347 540 Amor»
379 500 423 540 et
446 498 553 541 ibid.
581 498 662 540 35:
695 497 953 552 «aspiraque
992 496 1148 539 mihi».
1175 521 1235 526 —
1259 499 1430 552 aperte,
1456 497 1537 539 sub
1564 498 1691 547 divo;

190 574 320 617 aliter
344 573 421 617 Ov.
451 574 500 617 A.
526 574 576 617 A.
603 574 660 617 H.
700 574 963 617 621—623:
996 573 1142 615 «Tunc
1180 586 1368 628 quoque,
1409 586 1509 616 eum
1550 575 1690 616 solem

189 651 390 694 nondum
426 652 693 707 prohibebat
717 655 762 694 et
785 651 976 694 imbrem
1013 650 1191 705 Tegula,
1233 650 1310 694 sed
1348 665 1536 706 quercus
1576 655 1691 694 tecta

189 728 422 784 cibumque
462 728 640 779 dabant,
667 728 722 771 In
762 741 945 771 nemore
987 730 1119 783 atque
1162 728 1316 774 antris,
1345 741 1438 770 non
1480 728 1560 770 sub
1586 729 1691 770 Iove

142 844 145 847 ,
188 805 341 848 iuncta
377 806 626 860 voluptas».
653 831 712 835 —
737 805 863 850 mitis
889 840 897 848 .
927 840 936 848 .
972 840 981 848 .
1019 804 1186 860 Venus,
1211 809 1261 848 ut
1287 819 1420 860 supra
1446 805 1480 848 L
1514 807 1578 855 10,
1608 807 1690 847 66:

195 883 318 925 «miti
355 883 413 925 sit
449 883 606 938 procul
643 897 670 926 a
700 882 914 926 Venere».
941 907 1001 911 —
1026 882 1076 925 in
1112 882 1334 925 umbrosa
1361 917 1369 924 .
1399 917 1408 925 .
1439 917 1447 924 .
1476 882 1611 936 valle,
1642 885 1692 924 ut

187 959 316 1014 Ptop.
355 960 433 1003 HI.
479 961 543 1010 13,
585 961 653 1003 37.
681 959 735 1002 de
775 959 1031 1002 amantibus
1068 960 1212 1002 aetatis
1252 973 1422 1003 aureae:
1455 960 1615 1002 «Pinus
1649 962 1692 1001 et

103 1092 106 1095 Δ
187 1037 450 1080 incumbens
475 1038 622 1080 lentas
647 1037 951 1079 circumdabat
974 1036 1199 1079 umbras».

247 1113 297 1157 V.
327 1115 351 1157 7
357 1115 516 1157 3-78.
542 1126 640 1158 mos
671 1125 837 1170 precor
873 1113 952 1156 ille
977 1112 1093 1168 redi,
1117 1114 1320 1156 vocativo
1348 1114 1572 1157 adiectum
1597 1114 1691 1167 ille,

187 1193 237 1232 ut
263 1204 396 1245 supra
422 1191 478 1233 IL
505 1192 546 1242 4,
576 1192 628 1234 2:
662 1190 870 1232 «libertas
896 1190 975 1232 illa
1000 1194 1230 1244 paterna».
1257 1191 1364 1233 Post
1387 1203 1449 1233 vs,
1480 1192 1548 1234 74.
1578 1193 1689 1234 exci-

187 1267 252 1310 dit
276 1267 544 1318 hexameter,
572 1267 698 1310 cuiue
726 1280 884 1310 sensus
922 1268 1035 1310 talis
1065 1269 1154 1310 fere
1194 1271 1313 1310 erat:
1351 1272 1504 1323 pereat
1540 1269 1690 1323 potius

187 1357 293 1386 eura
333 1344 532 1398 corporis
571 1344 747 1387 colendi
786 1344 1092 1400 hominesque,
1132 1346 1183 1386 ut
1221 1345 1328 1386 olim
1370 1347 1499 1387 aetate
1542 1357 1687 1395 aurea,

184 1421 366 1464 villosas
389 1423 531 1477 pelles
555 1422 759 1464 induant.
786 1447 845 1451 —
872 1419 1095 1476 Horrida,
1121 1422 1238 1464 hirta
1265 1426 1309 1464 et
1333 1422 1516 1473 inculta,
1543 1425 1594 1465 ut
1610 1422 1687 1465 Ov.

185 1497 291 1541 Met.
318 1499 352 1541 L
381 1501 642 1542 513-—5142
675 1499 800 1541 «Non
826 1512 906 1554 ego
933 1512 1033 1542 sum
1070 1502 1235 1554 pastor,
1263 1512 1356 1541 non
1388 1500 1461 1542 hie
1487 1504 1690 1542 armenta

184 1587 426 1630 gregesque
452 1576 674 1619 Horridus
700 1577 929 1620 observo».
947 1601 1005 1605 —
1021 1576 1188 1620 villosa
1210 1611 1219 1619 .
1250 1611 1258 1619 .
1288 1611 1297 1619 .
1325 1579 1458 1632 veste,
1483 1577 1688 1632 pellibus,

185 1655 235 1695 ut
274 1652 480 1696 homines
521 1654 850 1709 antiquissimi3
892 1655 946 1696 ef.
989 1654 1117 1709 Prop.
1144 1654 1222 1696 HL
1258 1655 1322 1704 13,
1353 1655 1422 1697 35.
1466 1654 1518 1696 de
1561 1657 1689 1697 aetate

187 1742 349 1772 aurea:
383 1731 627 1774 «Hinnulei
652 1732 784 1785 pellis
809 1733 929 1773 totos
956 1731 1159 1785 operibat
1184 1734 1431 1774 amantes»,
1451 1756 1509 1759 —
1528 1731 1686 1775 laxam

187 1840 196 1848 .
227 1840 235 1848 .
265 1840 274 1848 .
306 1809 475 1864 toyam,
526 1808 705 1862 qualem
745 1808 983 1862 gestabant
1023 1808 1230 1850 homines
1271 1808 1592 1862 elegantiores;
1635 1810 1687 1851 ef.

187 1883 287 1926 adn.
316 1898 449 1939 supra
476 1884 532 1927 ad
556 1885 590 1927 L
619 1886 659 1935 6,
687 1887 770 1928 40:
804 1884 929 1927 «fluit
955 1884 1095 1927 effuso
1121 1885 1194 1927 cui
1220 1887 1324 1939 toga
1351 1884 1447 1926 laxa
1481 1885 1626 1928 sinu».

245 1960 295 2003 V.
337 1961 525 2004 79—80.
572 1959 678 2005 Non
725 1973 804 2018 eqo
845 1975 916 2005 me
956 1961 1120 2005 vinclis
1166 1960 1515 2018 verberibusque
1560 1974 1690 2019 neyo,

185 2037 433 2080 insolenter
469 2038 661 2080 dictum:
701 2037 806 2081 fiam
845 2052 1000 2081 servus
1037 2052 1089 2080 ex
1126 2038 1298 2080 familia
1338 2039 1504 2080 rustica
1543 2052 1688 2094 neque

186 2113 366 2156 vincula
407 2116 451 2156 et
488 2114 669 2157 verbera
708 2116 947 2165 recusabo;
989 2116 1042 2158 ef.
1087 2115 1187 2158 adn.
1232 2115 1287 2157 ad
1328 2115 1361 2158 L
1403 2118 1444 2166 6,
1487 2117 1686 2158 37—38:

191 2204 308 2233 «non
351 2204 465 2233 saeva
506 2204 661 2234 recuso
693 2192 899 2238 Verbera.
943 2192 1139 2235 detrecto
1177 2206 1271 2234 non
1309 2205 1390 2247 ego
1429 2193 1576 2234 vinela
1612 2207 1687 2248 pe-

186 2266 316 2309 dum»
355 2271 399 2309 et
436 2267 491 2309 ad
524 2268 560 2310 ‘L
602 2269 642 2318 7,
681 2270 763 2311 42:
809 2268 970 2312 «Crura
1008 2269 1113 2312 lieet
1152 2269 1262 2312 dura
1304 2269 1516 2324 compede
1556 2271 1688 2325 pulsa

186 2347 389 2387 sonent».
