1942 3132
270 217 342 252 182
850 235 905 264 An
925 237 955 264 1.
981 236 1012 276 7,
1038 235 1180 266 5—12.

270 347 406 389 fluvio
433 348 599 398 tribuit,
628 350 743 404 quod
781 352 938 394 accidit
975 353 1134 394 accolis
1160 353 1298 403 fluvii,
1325 357 1376 395 ut
1399 354 1524 408 Verg.
1552 355 1659 398 Aen.
1687 357 1757 400 VI.

272 425 370 466 800.
413 425 465 467 de
490 426 711 480 Augusto:
744 428 913 471 «Huius
953 431 1001 471 in
1040 430 1278 471 adventum
1305 463 1315 472 .
1343 463 1354 474 .
1380 463 1392 473 .
1421 434 1760 487 septemgemini

269 501 451 543 turbant
495 503 656 557 trepidi
702 505 815 546 ostia
859 505 990 548 Nili».
1030 532 1088 534 —
1126 505 1264 556 Ataeo,
1315 506 1476 549 fluvius
1522 509 1568 549 in
1615 508 1760 554 Gallia

269 577 560 629 Narbonensi,
603 580 734 622 hodie
776 580 916 626 Aude.
956 583 1108 636 Pugna
1146 583 1280 636 igitur
1320 585 1559 626 commissa
1598 587 1666 626 est
1705 585 1760 627 ad

268 654 461 696 Atacem.

328 730 377 772 V.
407 733 534 774 5-8,
564 731 774 785 Evenerc,
815 737 866 776 ut
902 749 1035 788 supra
1060 735 1092 776 Ι.
1123 737 1161 785 5,
1191 737 1272 777 57:
1306 736 1556 778 «Eveniat».
1583 762 1642 765 —
1661 750 1756 793 pu·-

271 806 345 848 bes
371 805 600 862 Romana,
636 811 830 863 populus
867 811 1108 861 Romanus,
1150 814 1199 852 ut
1237 811 1353 853 infra
1390 825 1451 854 vs.
1483 813 1562 854 27:
1596 813 1757 866 «pubes
1813 845 1815 847 .

267 882 493 933 barbaram
520 885 572 925 cf.
600 885 720 927 Paul.
747 886 864 928 Fest.
894 901 925 928 s.
944 879 983 929 v.
1012 890 1066 941 (p.
1090 889 1185 929 335.
1217 887 1281 930 ed.
1310 888 1594 941 Thewrewk):
1616 889 1757 931 «Pube

266 963 482 1013 praesente
510 963 577 1002 est
600 963 768 1016 populo
794 967 1010 1016 praesente
1049 965 1351 1020 συνεκδοχικῶς
1386 965 1438 1006 ab
1465 966 1549 1015 his,
1577 966 1651 1019 qui
1676 980 1756 1020 pu-

268 1036 393 1078 beres
433 1040 549 1088 sunt,
577 1052 755 1080 omnem
797 1041 1014 1093 populum
1054 1040 1332 1094 significans»
1365 1044 1408 1083 et
1432 1043 1572 1084 Plaut.
1600 1042 1755 1084 Pseud.

265 1114 298 1155 Ι.
332 1116 366 1164 1,
400 1115 508 1157 1233
540 1115 700 1165 «Nunc,
729 1130 784 1157 ne
812 1117 909 1170 quis
935 1116 1100 1159 dictum
1128 1118 1211 1159 sibi
1237 1121 1380 1172 neget,
1410 1119 1506 1161 dico
1535 1119 1754 1170 omnibus,

264 1191 379 1244 pube
417 1192 638 1245 praesenti,
683 1193 730 1233 in
771 1194 1027 1235 concione».
1055 1219 1113 1222 —
1134 1194 1329 1237 evinctos
1370 1194 1582 1238 bracchia
1623 1199 1757 1251 capta

264 1267 416 1322 duces,
454 1269 584 1311 duces
622 1271 774 1323 captos
811 1271 1017 1312 manibus
1057 1275 1160 1324 post
1196 1274 1318 1325 terga
1343 1272 1527 1322 vinctis3
1567 1274 1618 1314 cf.
1646 1273 1753 1315 Hor.

262 1346 342 1399 Ep.
370 1347 424 1389 H.
459 1349 492 1397 1,
527 1349 633 1390 191:
667 1348 793 1390 «Mox
829 1349 1022 1390 trahitur
1059 1349 1264 1390 manibus
1305 1363 1458 1402 regum
1484 1351 1663 1391 fortuna
1686 1364 1754 1391 re-

263 1424 415 1465 tortis»
448 1426 491 1466 et
528 1424 603 1467 Ov.
632 1425 726 1466 Am.
755 1426 788 1467 I.
818 1427 855 1474 2,
887 1427 953 1467 31.
996 1425 1047 1466 de
1086 1426 1313 1479 triumpho
1352 1426 1555 1467 Amoris:
1601 1425 1752 1469 «Mens

260 1499 387 1542 Bona
412 1500 594 1543 ducetur
619 1502 824 1543 manibus
849 1504 952 1555 post
975 1505 1098 1555 terga
1122 1502 1343 1543 retortis».
1373 1501 1586 1544 Evinctos
1617 1502 1750 1546 brac-

260 1577 377 1630 chia,
415 1581 464 1619 ut
500 1579 627 1632 Prop.
656 1578 733 1620 III.
763 1580 831 1628 24,
865 1580 942 1620 14:
976 1578 1182 1619 «Vinctus
1224 1591 1343 1619 eram
1380 1591 1529 1620 versas
1567 1579 1615 1620 in
1654 1593 1753 1621 mea

260 1656 383 1707 terga
420 1668 602 1696 manus»
611 1671 622 1704 3
662 1656 873 1710 evinctos,
906 1658 955 1697 ut
986 1655 1111 1708 Verg.
1151 1655 1258 1696 Aen.
1297 1655 1346 1697 V.
1392 1656 1502 1697 364:
1547 1656 1752 1698 «evinctas

259 1732 441 1784 palmae»
475 1734 518 1773 et
544 1731 618 1773 Sil.
647 1733 698 1774 It.
738 1733 847 1773 Pun.
874 1732 929 1774 Π.
958 1733 1042 1774 48:
1076 1732 1272 1774 «evincta
1310 1731 1484 1773 dextra»
1517 1733 1560 1773 et
1586 1731 1662 1773 Ov.
1690 1732 1754 1775 Ex

258 1810 384 1850 Pont.
412 1810 489 1850 IH.
520 1811 557 1858 2,
587 1810 668 1851 72:
701 1809 898 1850 «Evincti
922 1809 1121 1862 geminas
1149 1808 1204 1849 ad
1231 1822 1310 1849 sua
1335 1811 1458 1861 terga
1474 1821 1677 1850 manus».
1693 1833 1752 1836 —

261 1886 477 1929 bracchia
501 1889 648 1941 capta,
674 1888 723 1927 ut
749 1885 824 1927 Ov.
854 1886 982 1927 Trist.
1010 1885 1081 1927 IV.
1111 1887 1149 1934 2,
1180 1887 1231 1927 21
1252 1902 1261 1927 :
1295 1885 1559 1940 «Vinclaque
1578 1886 1751 1940 captiva

258 1977 382 2017 reges
421 1963 586 2005 cervice
625 1965 871 2016 gerentes».
900 1987 959 1990 ——
983 1962 1188 2004 victrices
1233 1961 1406 2016 lauros,
1432 1963 1750 2016 triumphalem

258 2054 480 2089 coronam,
509 2041 559 2081 ut
582 2041 699 2081 infra
723 2040 777 2080 ΙΙ.
808 2040 847 2088 5,
876 2040 928 2081 5:
961 2039 1244 2092 «triumphali
1283 2039 1513 2080 devinctus
1551 2042 1750 2093 tempora

257 2118 382 2158 lauro
393 2133 407 2154 »
417 2131 427 2166 3
466 2118 518 2157 cf.
546 2117 670 2169 Verg.
711 2115 800 2156 Ecl.
830 2117 867 2165 8,
902 2116 979 2156 13:
1013 2115 1158 2156 «Inter
1182 2116 1384 2157 victrices
1422 2115 1631 2157 hederam
1667 2116 1750 2158 tibi

258 2207 431 2248 serpere
470 2194 663 2235 laurus».
704 2218 762 2220 —--
799 2191 942 2235 niveis
971 2226 979 2233 .
1008 2226 1015 2233 .
1048 2226 1055 2233 .
1086 2192 1226 2249 equis,
1268 2194 1475 2245 quattuor
1515 2193 1617 2247 equi
1658 2192 1748 2235 albi

256 2271 492 2312 trahebant
537 2284 713 2311 currum
759 2270 1123 2324 triumphatoris;
1171 2271 1222 2311 cf.
1264 2269 1339 2310 Ov.
1379 2270 1427 2310 A.
1467 2269 1514 2310 A.
1554 2269 1587 2310 Ι.
1636 2270 1747 2311 214:

262 2347 501 2398 «Quattuor
527 2348 574 2388 in
600 2348 742 2389 niveis
769 2360 928 2388 aureus
953 2346 1039 2387 ibis
1067 2346 1233 2399 equis».
1261 2371 1318 2374 —
1345 2358 1507 2388 currus
1533 2344 1742 2395 eburnus,

256 2438 408 2465 currus
434 2425 717 2478 triumphalis
744 2425 872 2466 ebore
901 2427 942 2465 et
969 2437 1075 2465 auro
1104 2426 1196 2464 erat
1223 2426 1418 2464 ornatus.

314 2501 363 2542 V.
391 2502 548 2542 9—12.
576 2499 681 2543 Non
702 2502 799 2543 sine
825 2513 895 2543 me
922 2500 1086 2543 esttibi
1111 2503 1271 2554 partus
1288 2499 1444 2553 honos,
1470 2499 1580 2552 quia?
1598 2498 1743 2539 Tibul-

253 2579 324 2619 lus
341 2590 488 2619 comes
507 2579 599 2617 erat
622 2576 840 2619 Messallae
866 2578 914 2618 in
931 2577 1048 2618 bello
1074 2577 1366 2630 Aquitanico;
1394 2575 1446 2616 cf.
1464 2575 1548 2616 Vit.
1577 2574 1667 2615 Tib.
1696 2573 1743 2615 in

255 2653 477 2696 codicibus
515 2667 651 2695 serv.:
685 2654 833 2695 «cuius
873 2656 916 2694 et
954 2653 1286 2694 contubernalis
1323 2651 1586 2705 Aquitanico
1623 2650 1741 2691 bello

253 2729 520 2773 militaribus
557 2729 686 2771 donis
724 2729 913 2771 donatus
951 2732 1059 2771 est».
1087 2754 1145 2757 —
1179 2727 1390 2771 Tarbella
1429 2729 1523 2778 ete„
1561 2739 1741 2768 enume-
