1942 3132
742 214 802 246 An
822 215 852 246 1.
878 213 936 255 ιο,
962 213 1128 245 13—18.
1627 200 1692 236 101

177 335 285 378 Hor.
316 334 406 379 Sat.
435 334 468 377 I.
498 335 537 385 6,
571 333 819 377 117-118,
844 333 894 375 in
920 331 1221 388 descriptione
1247 346 1416 375 mensae
1443 346 1560 376 suae:
1594 333 1694 376 «ad—

177 415 268 455 stat
293 410 481 454 echinus
497 410 623 462 Vilis,
642 424 745 454 cum
761 411 918 465 patera
932 410 1098 463 guttus,
1118 407 1350 464 Campana
1373 411 1616 464 supellex».
1635 435 1694 440 ——

175 489 284 534 Non
322 501 463 542 arces,
503 501 599 532 ‘non
635 488 788 532 vallus
821 489 941 539 crat,
979 489 1031 530 ut
1067 486 1146 528 Ov.
1173 486 1279 529 Met.
1309 487 1342 529 L
1373 488 1442 530 97.
1471 487 1526 530 de
1563 490 1695 530 aetate

177 581 338 610 aurea:
371 566 605 609 «Nondum
646 565 900 621 praecipites
932 564 1173 619 cingebant
1219 563 1386 619 oppida
1433 565 1606 607 fossae».
1636 590 1695 594 ——

175 657 480 701 somnumque
499 643 684 701 petebat
710 641 908 687 Securus
933 654 1125 698 sparsa-s·
1149 641 1252 686 dum
1265 642 1421 700 yreyis
1437 643 1559 685 inter
1575 655 1693 694 oveS,

178 723 416 776 intellege:
444 735 538 765 non
563 734 701 773 arces,
727 734 822 763 non
847 720 1007 769 vallus,
1035 733 1092 762 ne
1120 720 1298 762 stabula
1324 720 1506 774 quidem
1539 723 1694 770 erant;

177 802 376 842 ceterum
402 800 455 841 cf.
485 798 563 841 Ov.
590 797 697 840 Met.
715 798 750 840 L
773 791 884 840 '1‘002
917 796 1102 839 «Mollia
1117 810 1283 839 securae
1301 797 1576 851 peragebant
1600 798 1695 840 ,otia

174 879 373 931 gentes».
402 901 460 906 -—
492 888 698 933 sparsas,
741 889 800 918 sc.
844 874 1071 928 dispersas
1112 875 1161 916 in
1207 875 1412 928 pascuis;
1458 888 1551 916 non
1600 878 1695 917 erat

174 955 312 1009 igitur
337 968 450 1009 opus
474 953 662 1008 vesperi,
688 955 740 995 ut
764 952 894 1008 Verg.
922 952 1015 994 EcL
1045 953 1084 1001 6,
1114 953 1183 994 85.
1213 951 1346 994 dicit:
1380 965 1561 1006 «cogere
1589 965 1694 994 oves

177 1032 369 1074 stabulis
394 1043 723 1086 numerumque
749 1030 951 1072 referri».
981 1028 1189 1072 Ceterum
1227 1041 1423 1085 sparsas
1461 1032 1529 1071 est
1560 1031 1694 1072 lectio

174 1110 377 1152 codicum
416 1109 715 1158 deteriorum;
750 1109 804 1150 cf.
844 1107 966 1163 infra
1000 1107 1102 1149 adn.
1144 1107 1240 1149 crit.
1281 1106 1337 1148 ad
1375 1107 1418 1150 h.
1447 1107 1476 1149 1.
1509 1132 1569 1136 -
1594 1107 1696 1151 dum

173 1187 345 1244 meyde,
377 1187 462 1229 hoc
499 1186 611 1235 loco,
651 1188 702 1228 ut
739 1185 876 1227 etiam
914 1184 1238 1239 Pseudo-Verg.
1275 1182 1369 1226 Cul.
1403 1185 1514 1235 175..
1542 1187 1694 1239 pasto-

175 1279 283 1315 rem,
326 1263 446 1318 apud
472 1263 549 1306 Ov.
576 1262 682 1305 Met.
711 1262 807 1305 VH.
837 1262 937 1304 311.
979 1262 1165 1303 arietem
1206 1260 1453 1315 significat3
1491 1262 1609 1304 infra
1635 1262 1691 1304 IL

180 1344 217 1388 1.
247 1343 331 1386 58:
365 1341 478 1383 «dux
502 1341 701 1395 pecoris»
733 1343 803 1383 est
826 1340 991 1383 hircus.
1019 1365 1079 1369 -—
1104 1338 1206 1383 dux
1228 1339 1383 1397 gregis
1420 1340 1543 1383 inter
1574 1352 1693 1391 oves,

181 1418 338 1477 eadem
378 1418 514 1461 verba
555 1418 686 1460 initio
729 1417 978 1460 hexametri
1020 1416 1098 1460 Ov.
1140 1416 1248 1459 Met.
1283 1417 1378 1459 VII.
1421 1418 1537 1460 311:
1571 1417 1694 1460 «Dux

175 1497 324 1551 gregis
364 1497 482 1538 inter
521 1508 627 1537 oves
666 1508 810 1549 agnus
848 1494 1146 1536 medicamine
1173 1494 1292 1536 fiet».
1321 1519 1380 1523 —
1415 1493 1540 1538 Tunc
1577 1495 1694 1539 mihi

172 1573 270 1617 vita
305 1573 422 1629 l'oret
460 1571 612 1616 dulcis
648 1585 730 1616 nec
769 1572 926 1616 tristia
949 1585 1141 1623 nossem,
1172 1573 1424 1622 antithesis,
1464 1576 1516 1615 ut
1553 1572 1691 1628 Lygd.

196 1685 205 1695 .
237 1652 322 1694 42:
347 1651 530 1693 «Edidit
557 1652 652 1694 haec
678 1651 799 1693 dulci
823 1651 973 1693 tristia
999 1651 1132 1693 verba
1157 1650 1336 1693 modo».
1357 1650 1566 1693 Ceterum
1591 1649 1692 1695 dul—

178 1727 244 1770 cis
271 1730 339 1770 est
363 1728 449 1770 hoc
475 1729 574 1770 loco
601 1728 735 1771 lectio
773 1729 978 1770 codicum
1016 1727 1317 1778 deteriorum;
1356 1729 1409 1770 cf.
1438 1729 1557 1770 infra
1589 1729 1691 1771 adn.

175 1805 270 1846 crit.
300 1806 355 1847 ad
381 1805 424 1846 h.
453 1805 481 1847 l.
510 1829 569 1834 -
591 1805 688 1849 vita
713 1839 723 1847 .
753 1837 764 1847 .
793 1839 802 1847 .
830 1803 997 1855 dulcis,
1023 1807 1073 1846 ut
1099 1804 1225 1846 Lucr.
1255 1804 1311 1846 IL
1341 1806 1426 1846 997
1446 1821 1455 1846 :
1489 1805 1570 1847 «Et
1595 1805 1692 1846 dul-

175 1895 275 1924 cem
312 1882 483 1924 ducunt
519 1882 704 1941 vitam».
732 1907 791 1911 —
817 1881 949 1938 foret,
986 1895 1094 1935 pro:
1132 1881 1311 1937 fuisset,
1349 1884 1399 1923 ut
1425 1881 1553 1936 Verg.
1580 1876 1690 1924 Aen.

175 1959 254 2002 ΙΙΙ.
281 1959 548 2001 416—417:
581 1959 713 2000 «Haec
738 1959 838 2000 loca
862 1991 872 2000 .
901 1991 912 2001 .
941 1991 951 2000 .
979 1958 1243 2001 Dissiluisse
1271 1960 1434 2008 ferunt,
1462 1972 1563 2001 cum
1589 1973 1692 2014 pro·

175 2037 300 2078 tinus
337 2038 526 2090 utraque
565 2035 701 2077 tellus
739 2035 842 2078 Una
880 2036 1037 2077 foret».
1066 2059 1124 2064 -
1150 2035 1307 2078 tristia
1334 2069 1343 2078 .
1371 2068 1382 2077 .
1413 2069 1421 2077 .
1452 2048 1603 2088 arma,
1642 2039 1693 2078 ut

176 2114 298 2155 infra
324 2127 387 2155 vs.
416 2114 622 2156 49—50:
655 2114 828 2155 «tristia
853 2113 954 2156 duri
978 2113 1141 2156 Militis
1168 2127 1316 2156 arma»
1326 2128 1337 2163 ;
1365 2115 1418 2156 cf.
1446 2114 1555 2156 Hor.
1575 2114 1625 2156 A.
1644 2114 1689 2156 P.

177 2193 233 2234 73
250 2177 453 2234 :itristia
478 2191 620 2234 bella»
635 2208 668 2233 ιο.
686 2190 893 2235 -c-orde
918 2191 1131 2245 micante,
1157 2192 1436 2246 palpitante:
1463 2192 1691 2234 Tibullum

173 2268 379 2311 imitatur
417 2268 493 2311 Ov.
522 2270 570 2310 A.
597 2270 648 2311 A.
676 2269 754 2311 HL
785 2269 898 2311 729:
929 2269 1198 2311 «Pulsantur
1234 2269 1397 2324 trepidi
1435 2270 1569 2312 corde
1607 2270 1692 2311 mi-

176 2348 306 2388 cante
347 2346 517 2392 sinus»,
557 2345 678 2388 Fast.
718 2345 791 2388 VI.
845 2347 958 2389 338:
1015 2346 1096 2389 «Et
1141 2348 1227 2389 fert
1269 2360 1515 2402 suspensos
1560 2347 1692 2389 corde

175 2425 372 2466 micante
411 2423 619 2477 gradus»,
659 2422 765 2465 ibid.
793 2423 871 2466 ΙΠ.
902 2425 984 2467 36:
1017 2438 1203 2479 «corque
1242 2425 1403 2467 timore
1442 2425 1602 2466 micat»
1648 2426 1692 2466 et

178 2501 291 2543 351:
325 2499 494 2543 «Corda
520 2500 688 2541 micant
712 2500 874 2555 regis».

235 2577 285 2620 V.
318 2578 505 2620 13—18.
535 2576 710 2629 trahor,
748 2578 909 2620 ultima
950 2578 1122 2633 syllaba
1158 2579 1206 2620 in
1247 2578 1335 2620 arsi
1372 2578 1599 2633 producta,
1641 2579 1692 2618 ut

175 2653 304 2710 Verg.
332 2656 440 2698 Aen.
470 2655 545 2697 XL
577 2655 689 2697 3923:
722 2655 1006 2705 «Considant
1034 2657 1072 2698 si
1098 2658 1253 2699 tantus
1279 2670 1418 2705 amor,
1448 2659 1491 2698 et
1524 2655 1691 2697 moenia

176 2731 413 2774 condant».
441 2756 500 2760 -—
530 2729 727 2774 Haesura
763 2730 816 2774 in
851 2733 1010 2775 nostro
1035 2732 1127 2776 tela
1150 2732 1268 2789 gerit
1295 2732 1449 2781 latere,
1478 2733 1530 2773 cf.
1561 2731 1688 2784 Verg.
