1942 3132
746 223 805 255 m
824 225 856 255 1.
881 222 945 263 ιο,
964 222 1133 254 53—58.
1632 209 1704 245 ιον

191 344 336 387 «male
379 347 570 400 parens»
603 347 652 381 ='
675 344 960 398 'repugnans'
977 367 1037 372 —
1062 341 1171 398 ipse,
1219 343 1464 397 opponitur
1508 343 1705 387 rusticus

182 422 311 464 uxori
338 425 384 464 et
406 422 575 473 liberis,
603 421 680 476 qui
706 434 801 464 non
827 421 935 463 sunt
960 419 1084 462 ebrii.

246 497 295 540 V.
337 497 529 541 53-58,
572 495 664 542 Sed
713 495 900 540 Veneri-5
943 498 1051 540 tunc
1092 494 1214 539 bella
1254 496 1405 542 calent
1445 498 1704 553 scissosque

187 575 381 631 capillos
408 573 604 619 Femina
621 574 887 632 perfractas
914 573 1301 632 conqueriturque
1325 574 1466 631 fores,
1490 574 1545 617 de
1572 575 1706 622 bellis

187 651 373 694 Veneris
412 652 465 694 cf.
507 651 626 694 infra
650 651 684 693 Ι.
715 650 754 700 1,
782 650 988 693 7·3--75;
1021 649 1174 692 «Nunc
1211 651 1325 693 levis
1364 654 1432 693 est
1470 651 1704 693 tractanda

187 728 353 778 Venus,
380 728 491 771 dum
516 729 722 782 frangere
746 729 903 781 postes
928 727 1031 770 Non
1067 728 1207 782 pudet
1233 731 1278 770 et
1303 728 1421 770 rixas
1460 727 1705 772 inseruisse

187 807 324 848 iuvat.
351 805 438 848 Hic
465 818 547 859 ego
573 804 662 847 dux
685 804 904 858 milesque
932 804 1120 846 bonus».
1148 804 1273 846 Idem
1297 805 1517 847 transitus
1536 805 1707 848 ascetis

188 883 458 924 rusticorum
500 882 557 925 ad
594 882 711 924 rixas
753 882 1005 923 amantium
1046 881 1168 924 infra
1206 881 1263 923 H.
1307 884 1348 931 5,
1392 882 1615 924 95—104.
1644 907 1703 915 ——

190 959 309 1004 bella
348 961 513 1015 calent,
538 974 703 1015 magno
730 973 833 1001 cum
862 960 1045 1002 >fervore
1083 962 1327 1014 geruntur;
1355 960 1408 1001 cf.
1436 959 1565 1013 Verg.
1593 960 1702 1002 Aen.

187 1039 221 1081 I.
262 1039 378 1081 436:
411 1038 595 1081 «Fervet
632 1051 788 1092 opus».
816 1062 875 1067 ——
914 1037 1170 1093 scissosque
1207 1036 1420 1093 capillos,
1458 1036 1708 1090 saepissime

190 1117 325 1160 huius
357 1117 422 1158 rei
458 1116 631 1158 menfio
669 1114 862 1158 occurrit
899 1113 1020 1168 apud
1056 1115 1216 1171 poetas
1254 1114 1458 1163 eroticos,
1499 1116 1551 1155 ut
1574 1114 1704 1168 Prop.

188 1194 244 1236 H.
274 1196 314 1244 5,
345 1194 548 1236 23—24:
581 1192 695 1234 «Nec
720 1191 803 1233 tibi
830 1203 1026 1233 conexos
1052 1191 1196 1233 iratus
1222 1204 1405 1245 carpere
1431 1191 1592 1240 crines,
1617 1190 1708 1233 Nec

191 1270 315 1312 duris
341 1271 488 1312 ausim
513 1269 675 1312 laedere
712 1268 978 1324 pollicibus»
1012 1270 1056 1309 et
1083 1266 1160 1310 Ov.
1187 1267 1286 1309 Am.
1315 1268 1348 1310 I.
1379 1269 1418 1318 7,
1453 1269 1500 1310 11
1523 1284 1532 1309 :
1566 1267 1709 1322 «Ergo

191 1360 273 1400 ego
315 1346 511 1402 digestos
550 1346 680 1401 potui
720 1345 894 1387 laniare
936 1344 1125 1398 capillos
1138 1348 1182 1387 5²»
1230 1367 1290 1373 —-
1324 1344 1624 1400 perfractas.
1658 1377 1667 1386 .
1695 1377 1704 1386 .

189 1426 326 1483 fores,
355 1438 413 1466 sc.
444 1422 498 1467 ab
536 1423 814 1467 amatoribus
841 1422 1046 1471 exclusis,
1087 1425 1137 1464 ut
1162 1422 1290 1477 Prop.
1319 1422 1376 1464 H.
1405 1424 1447 1472 5,
1475 1423 1559 1464 22:
1593 1421 1708 1462 «Nec

189 1515 292 1544 mea
315 1501 558 1556 praeclusos
584 1500 766 1555 fregerit
790 1500 859 1542 ira
874 1500 1036 1542 fores».
1054 1522 1115 1528 ——
1136 1501 1319 1543 teneras
1345 1497 1512 1542 obtusa
1537 1509 1708 1555 9enas;

192 1580 244 1621 cf.
273 1578 350 1622 Ov.
378 1580 428 1620 A.
455 1579 505 1620 A.
534 1579 612 1620 ΠΙ.
642 1579 757 1621 568;
781 1578 895 1620 «Nec
921 1578 1116 1620 dominae
1142 1580 1323 1620 teneras
1351 1576 1533 1631 adpetet
1557 1590 1710 1631 ungue

192 1670 354 1711 genas»
387 1660 432 1700 et
467 1658 564 1699 Am.
593 1657 626 1700 Ι.
656 1658 696 1706 7,
737 1658 943 1699 49—50:
977 1657 1059 1698 «At
1094 1669 1215 1699 nunc
1255 1655 1464 1703 sustinui,
1504 1656 1646 1709 raptis
1685 1669 1713 1698 a

193 1734 340 1776 fronte
367 1734 556 1788 capillis,
583 1733 776 1775 Ferreus
814 1734 1037 1786 ingenuas
1075 1746 1227 1785 ungue
1266 1736 1426 1774 notare
1453 1745 1617 1785 genas»
1651 1745 1708 1774 so.

196 1810 362 1853 amioae.
386 1835 444 1839 —
462 1810 643 1864 obtusa,
669 1810 879 1853 manibus
906 1814 984 1852 aut
1008 1811 1174 1864 pugnis
1198 1811 1456 1860 verberata3
1484 1810 1537 1852 of.
1566 1810 1710 1853 Plaut.

195 1887 293 1931 Cas.
321 1887 371 1930 V.
403 1890 442 1939 1,
470 1889 523 1930 8:
557 1888 741 1930 «obtuso
782 1901 882 1930 ore»
915 1891 959 1930 et
997 1887 1102 1930 ibid.
1131 1888 1181 1930 V.
1212 1890 1251 1933 Ξ.
1280 1889 1366 1931 50:
1400 1888 1635 1930 «obtundit
1661 1902 1713 1930 os

195 1966 352 2008 mihi».
381 1964 588 2008 Ceterum
628 1965 794 2008 obtusa
832 1968 900 2007 est
938 1978 1041 2007 mea
1066 1966 1351 2015 coniectura;
1378 1966 1431 2007 cf.
1461 1966 1580 2007 infra
1606 1966 1711 2008 adn.

196 2044 291 2086 crit.
321 2043 376 2085 ad
402 2044 444 2085 h.
473 2042 501 2085 l.
530 2067 587 2071 —
615 2040 695 2085 sed
720 2042 866 2085 victor
890 2044 931 2085 et
968 2043 1067 2098 ipse
1095 2041 1193 2087 Flet
1230 2043 1322 2087 sibi
1347 2042 1578 2087 dementes
1616 2046 1713 2088 lam

197 2121 401 2165 valuisse
442 2133 628 2174 manus,
667 2121 720 2162 cf.
764 2120 882 2162 infra
919 2120 976 2162 H.
1018 2122 1060 2170 5,
1102 2121 1364 2163 101-—1032
1397 2121 1602 2174 «Ingeret
1640 2122 1714 2165 hic

198 2182 335 2254 potus
358 2198 535 2240 iuvenis
560 2196 797 2240 maledicta
834 2196 1010 2251 puellae,
1037 2197 1280 2240 Postmodo
1307 2211 1404 2252 quae
1430 2198 1547 2240 votis
1586 2199 1715 2242 irrita.

198 2277 316 2318 facta
341 2275 476 2317 velit:
503 2274 617 2316 Nam
644 2274 764 2315 ferus
788 2273 866 2316 illo
892 2287 983 2316 suae
1009 2274 1206 2328 plorabit
1231 2274 1406 2317 sobrius
1431 2274 1594 2317 idem».
1614 2274 1715 2318 Hoc

190 2356 515 2408 *argumentum
556 2354 718 2395 tractat
759 2351 837 2395 Ov.
875 2351 973 2395 Am.
1015 2352 1049 2394 I.
1090 2353 1130 2395 7.
1158 2351 1363 2396 —--ri:1·ae
1403 2351 1533 2395 mala
1573 2352 1715 2396 verba

199 2430 450 2481 ministrat,
476 2431 616 2471 Amor
641 2428 888 2470 delectatur
911 2428 1084 2483 proeliis
1115 2429 1368 2471 amantium
1395 2439 1438 2471 et
1464 2442 1583 2471 nova
1608 2429 1714 2471 rixae

200 2508 418 2551 alimenta
457 2506 666 2561 suggerit.
706 2530 764 2534 —<
801 2504 926 2550 Inter
976 2508 1017 2550 et
1053 2506 1229 2550 iratum
1272 2506 1419 2549 lentus
1468 2509 1717 2562 utrumque

202 2584 339 2638 sedet,
367 2586 420 2628 cf.
449 2585 575 2639 Prop.
605 2583 661 2625 H.
694 2583 760 2633 14,
788 2585 844 2627 4:
876 2584 990 2627 «Neo
1014 2585 1129 2627 mihi
1167 2585 1368 2639 ploranti
1406 2585 1530 2626 lenta
1558 2583 1712 2626 sedere

201 2664 375 2717 potest»
407 2664 453 2705 et
478 2661 555 2704 Ov.
583 2661 679 2702 Am.
708 2660 787 2702 IH.
817 2661 857 2710 6,
885 2661 971 2704 60:
1003 2661 1110 2703 «Ille
1147 2660 1284 2703 habet
1323 2664 1368 2703 et
1406 2661 1554 2702 silices
1582 2663 1625 2701 et
1649 2659 1713 2699 vi·

201 2752 309 2782 vum
333 2740 383 2782 in
408 2741 587 2795 pectore
627 2739 808 2788 sermm,
836 2737 923 2790 Qui
949 2741 1104 2780 tenero
1142 2738 1352 2780 lacrimas
1384 2737 1534 2779 lentus
1562 2735 1607 2776 in
1637 2747 1714 2775 ore
