1942 3132
275 201 341 235 184
842 216 897 243 AD
919 216 948 244 1.
973 215 1006 252 7,
1032 214 1194 243 17—22.

272 332 431 375 tractis
472 334 536 374 est
574 345 672 373 mea
711 333 987 382 coniectura;
1027 333 1080 374 cf.
1106 332 1223 372 infra
1249 331 1348 372 adn.
1378 331 1468 372 crit.
1498 331 1552 372 ad
1579 332 1620 372 h.
1649 332 1677 372 l.
1706 356 1764 359 ——-
1791 340 1793 342 ’

273 409 449 464 leniter,
495 410 546 450 de
593 422 724 451 cursu
770 409 967 450 fluminis
1014 409 1150 457 tardo,
1200 410 1250 448 ut
1295 407 1400 449 Caes.
1439 408 1487 449 B.
1529 407 1578 449 G.
1618 408 1650 449 Ι.
1685 409 1762 449 12:

279 486 411 527 «Arar
438 519 447 527 .
475 519 484 527 .
516 519 525 528 .
563 487 611 526 in
652 485 919 526 Rhodanum
960 484 1108 526 influit
1149 484 1398 525 incredibili
1439 485 1662 526 lenitate».
1705 509 1764 512 —--

276 560 509 606 Caeruleus
538 565 603 604 est
629 561 801 611 fluvius,
830 562 932 615 quia
957 575 1115 615 puram
1133 563 1176 601 et
1200 560 1419 614 placidam
1442 574 1600 614 aquam
1617 561 1761 610 habet,

273 643 323 682 ut
349 640 489 682 Curtii
526 640 650 680 locus
689 652 822 692 supra
858 638 974 680 laud.
1017 638 1152 679 docet.
1198 638 1259 680 Cf.
1302 637 1376 680 Ov.
1404 639 1452 680 A.
1480 639 1527 680 A.
1556 639 1609 679 Π.
1653 639 1763 681 204:

278 717 447 758 «lucide
491 715 683 769 Cydne».
710 740 766 743 —-
799 727 884 769 per
925 715 1060 769 vada,
1099 729 1179 768 per
1219 716 1405 764 alveum,
1450 717 1499 756 ut
1540 714 1614 757 Ov.
1658 715 1761 757 Met.

272 794 306 835 Ι.
337 793 596 835 369κ-370;
630 792 819 833 «adeunt
844 793 1008 845 pariter
1035 791 1293 845 Cephisidas
1316 791 1469 840 undas,
1490 793 1548 834 Ut
1565 792 1763 834 nondum

271 871 476 925 liquidas,
506 871 567 913 sic
594 870 684 910 iam
710 868 820 910 vada
846 871 953 910 nota
986 871 1225 918 secantes»,
1256 869 1332 909 ubi
1370 869 1514 921 agitur
1540 869 1591 910 de
1629 868 1763 912 fluvio

272 951 374 1002 post
417 947 759 989 exundationem
805 946 854 987 in
901 947 1075 987 alveum
1122 946 1347 987 redeunte.
1376 971 1431 973 ψ
1461 947 1621 1000 serpis,
1660 947 1685 987 i.
1727 961 1761 987 e.

272 1025 396 1067 tarde
422 1024 535 1066 fluis.
564 1049 621 1051 —
653 1022 861 1074 Quantus
891 1057 898 1064 .
930 1057 937 1064 .
969 1057 975 1064 .
1008 1023 1118 1074 alat,
1157 1025 1371 1076 quantum
1412 1036 1455 1064 se
1483 1023 1691 1064 attollens
1716 1023 1764 1063 in

272 1104 439 1150 altum3
481 1103 532 1143 cf.
560 1101 689 1154 Verg.
719 1100 825 1142 Aen.
866 1100 942 1141 ΠΙ.
973 1101 1233 1141 641-642ε
1269 1100 1402 1140 «Nam
1445 1100 1586 1153 qualis
1628 1113 1764 1153 quan-

272 1183 431 1233 tusque
460 1192 564 1220 cavo
593 1178 894 1231 Polyphemus
920 1178 968 1217 in
995 1179 1121 1218 antro
1154 1177 1394 1229 Lanigeras
1433 1176 1599 1218 claudit
1634 1190 1764 1230 pecu-

272 1256 393 1298 des».
423 1281 479 1283 —--
507 1255 692 1298 aetherio
720 1289 727 1295 .
759 1289 766 1295 .
798 1288 805 1295 .
837 1254 1016 1307 vertice,
1042 1254 1089 1294 in
1117 1254 1268 1295 caelum
1310 1254 1506 1301 nitente;
1540 1253 1767 1305 ingentem

272 1333 404 1375 Tauri
443 1332 726 1373 altitudinem
765 1330 995 1383 significat.
1037 1330 1098 1372 Cf.
1126 1330 1251 1382 Verg.
1280 1330 1389 1370 Aen.
1416 1329 1484 1370 IV.
1514 1329 1762 1370 445—446.

273 1410 328 1451 de
355 1410 533 1450 arbore:
569 1408 754 1449 «vertice
794 1408 847 1448 ad
887 1420 1015 1448 auras
1043 1406 1272 1448 Aetherias
1311 1406 1494 1448 tendit».
1523 1431 1580 1433 —
1608 1405 1762 1447 inton-

272 1499 348 1529 808
378 1521 384 1528 .
417 1521 423 1527 .
455 1520 462 1527 .
496 1484 681 1539 Cilicas,
719 1485 912 1525 incultos
952 1488 994 1526 et
1031 1485 1158 1533 feros,
1187 1485 1236 1523 ut
1274 1482 1349 1524 Ov.
1378 1483 1473 1524 Am.
1500 1481 1554 1523 Π.
1588 1483 1654 1531 16,
1683 1482 1763 1522 39:

279 1563 462 1606 «Cilicas
490 1562 648 1609 feros»;
677 1562 727 1601 cf.
758 1560 833 1602 Ov.
862 1561 925 1601 Ex
950 1561 1075 1601 Pont.
1103 1559 1173 1600 IV.
1205 1561 1242 1608 ⁴2,
1273 1560 1323 1600 02:
1357 1558 1513 1599 «Venit
1538 1557 1590 1599 ab
1618 1558 1763 1599 inton-

274 1641 337 1682 sis
373 1652 525 1693 usque.
568 1637 737 1686 Severe,
780 1635 946 1685 Getis»;
987 1637 1078 1677 Liv.
1119 1635 1234 1676 XXI.
1266 1637 1332 1679 32,
1363 1636 1399 1676 7.
1431 1635 1482 1675 de
1510 1635 1666 1675 incolis
1692 1634 1764 1674 Al-

272 1719 424 1771 pium:
459 1716 689 1756 «homines
729 1715 899 1754 intonsi
927 1716 970 1754 et
994 1713 1195 1754 inculti».
1221 1738 1279 1740 ff
1313 1711 1489 1754 Taurus
1527 1710 1639 1764 alat,
1664 1710 1767 1764 quia

274 1807 404 1835 mons
432 1792 598 1832 Taurus
625 1791 741 1831 bona
767 1803 929 1843 pascua
957 1791 1000 1830 et
1026 1789 1193 1830 fertiles
1220 1789 1442 1829 convalles
1481 1787 1624 1832 habet,
1653 1790 1765 1828 teste

275 1870 416 1912 Strab.
444 1869 539 1910 XII.
568 1882 608 1921 p.
639 1868 737 1908 569.

333 1948 382 1990 V.
416 1947 599 1988 17——22
634 1943 754 1995 Quid
793 1943 993 1998 reseram
1035 1945 1128 1990 etc„
1172 1941 1330 1983 alludit
1361 1940 1415 1981 ad
1451 1954 1522 1981 res
1547 1940 1765 1981 Messallae

275 2026 323 2066 in
350 2023 475 2077 Syria
513 2024 670 2076 gestas,
701 2033 809 2074 quas
844 2019 976 2060 etiam
1002 2019 1086 2060 Dio
1114 2018 1232 2060 Cass.
1263 2018 1332 2058 LI.
1364 2018 1402 2066 7,
1433 2018 1469 2058 7.
1499 2029 1764 2058 commemo-

274 2102 352 2142 rat.
382 2125 440 2128 —
467 2098 657 2141 celebres
683 2132 690 2139 .
723 2131 730 2138 .
760 2131 767 2138 .
799 2096 950 2150 urbes,
988 2097 1239 2149 frequentes
1273 2094 1456 2143 incolis;
1484 2093 1690 2147 celebres,
1716 2106 1767 2133 ex

274 2177 529 2218 coniectura
554 2174 768 2227 Postgatii
783 2188 793 2222 3
834 2173 883 2214 cf.
913 2174 1030 2214 infra
1057 2172 1155 2213 adn.
1184 2173 1276 2212 crit.
1306 2171 1362 2212 ad
1386 2171 1427 2211 h.
1455 2171 1484 2212 l.
1510 2194 1568 2197 -—
1593 2169 1767 2211 intacta

275 2288 284 2294 .
316 2288 322 2294 .
355 2287 363 2294 .
392 2250 635 2294 Palaestino
672 2251 832 2292 sancta
874 2248 1084 2291 columba
1132 2246 1265 2302 Syro,
1311 2246 1445 2300 piscis
1485 2248 1526 2286 et
1563 2245 1766 2286 columba

276 2332 402 2371 erant
442 2329 652 2369 animalia
695 2340 815 2368 sacra
857 2326 1092 2378 Syrorum;
1135 2326 1186 2365 cf.
1230 2324 1340 2365 Xen.
1380 2322 1519 2363 Anab.
1561 2322 1591 2363 I.
1631 2323 1671 2371 4,
1712 2323 1764 2363 9:

276 2405 483 2452 ἐξελαύνει
509 2404 572 2446 ἐπὶ
597 2406 777 2459 ποταμὸν
815 2404 950 2459 πλήρη
992 2400 1149 2458 ἰχθύων
1183 2401 1369 2456 μεγάλων
1395 2401 1466 2440 καὶ
1491 2401 1668 2452 πραέων,
1694 2396 1763 2444 οὓς

275 2479 316 2524 οἱ
342 2480 461 2536 Σύροι
477 2482 603 2526 θεοὺς
623 2479 802 2535 ἐνόμιζον
819 2481 889 2520 καὶ
908 2477 1061 2519 ἀδικεῖν
1081 2475 1155 2519 οὐκ
1174 2465 1279 2526 εἴων,
1299 2473 1393 2517 οὐδὲ
1410 2477 1481 2521 τὰς
1498 2476 1736 2528 περιστεράς
1752 2488 1762 2523 ;

275 2557 457 2598 Lucian.
486 2556 550 2596 De
578 2556 658 2596 dea
691 2554 781 2608 Syr.
812 2569 844 2595 c.
879 2557 943 2596 14.
971 2578 1028 2581 ——
1055 2553 1244 2607 intacta,
1283 2553 1384 2606 quia
1421 2551 1670 2591 columbam
1707 2562 1763 2590 ne

276 2636 456 2686 tangere
484 2632 660 2686 quidem
690 2631 912 2672 audebant
938 2629 1035 2682 Syri
1050 2645 1060 2678 3
1088 2631 1141 2670 cf.
1169 2629 1347 2669 Lucian.
1376 2627 1441 2667 De
1467 2626 1548 2667 dea
1570 2624 1660 2678 Syr.
1681 2626 1762 2666 54:

275 2708 453 2765 ὀρνίθων
478 2724 519 2750 τε
548 2706 726 2750 αὐτέοισι
752 2710 966 2762 περιστερὴ
995 2714 1139 2762 χρῆμα
1182 2703 1361 2761 ἱρότατον
1399 2704 1469 2744 καὶ
1495 2699 1590 2743 οὐδὲ
1623 2701 1763 2756 ψαύειν
