1942 3132
253 236 297 271 76
825 251 880 279 AD
902 252 931 280 1.
956 250 989 289 4,
1016 250 1182 280 51—-56,

253 368 401 410 valido
428 369 592 422 pingue
619 368 799 409 bidente
827 369 1016 410 solum».
1038 393 1096 397 —
1114 379 1268 423 opera,
1299 368 1449 409 servili
1474 368 1523 408 in
1550 368 1678 420 agris.
1698 391 1758 396 —

250 445 474 496 insuetas,
516 445 719 487 absolute
757 445 967 499 positum,
996 448 1046 487 ut
1079 446 1197 486 infra
1233 445 1266 487 Ι.
1310 447 1347 489 7.
1391 446 1470 487 36:
1515 445 1755 498 «Expressa

251 522 445 563 insuetis
470 535 558 563 uva
578 554 588 564 .
613 554 623 563 .
648 554 658 563 .
688 521 900 576 pedibus»
921 537 932 572 3
960 523 1012 564 cf.
1038 523 1173 563 etiam
1199 523 1231 563 Ι.
1254 523 1293 573 7,
1324 523 1405 563 38:
1439 520 1604 563 «Movit
1629 523 1674 562 et
1702 521 1758 562 ad

252 600 399 640 certos
425 598 578 639 nescia
603 597 804 639 membra
829 599 1029 640 modos».
1058 623 1117 627 ——
1144 597 1386 640 atteruisse
1410 610 1589 647 manus,
1614 597 1758 639 forma

252 673 436 715 insolita
461 687 542 728 pro
570 674 826 727 attrivisse;
864 675 916 716 cf.
945 675 1073 728 Prop.
1114 674 1185 715 IV.
1229 676 1269 723 3,
1310 674 1391 715 28:
1433 673 1573 714 «Num
1611 673 1757 726 gravis

252 751 457 792 imbelles
484 752 635 793 atterit
660 752 790 793 hasta
814 765 1000 793 manus»
1020 755 1040 793 P
1078 750 1279 793 Similem
1319 764 1412 791 rem
1438 751 1584 803 tangit
1608 750 1756 791 Tibul-

250 827 323 868 lus
349 827 445 881 ipse
462 827 517 869 II.
540 829 578 877 3,
599 829 770 870 9—10:
804 843 819 865 «
828 827 916 869 Nec
943 841 1160 881 quererer,
1181 827 1299 881 quod
1318 827 1383 868 sol
1401 827 1587 880 graciles
1605 839 1755 867 exure·
1794 872 1798 876 .

251 906 320 945 ret
359 906 494 953 artus,
534 904 733 945 Laederet
773 907 816 946 et
852 907 1030 946 teneras
1069 904 1256 957 pussula
1293 905 1424 957 rupta
1462 916 1664 945 manus».
1699 927 1757 931 —

251 979 440 1023 insidiis
468 981 588 1024 altas
603 981 642 1023 si
669 980 880 1023 claudere
906 981 1062 1029 valles,
1083 980 1304 1034 indagine,
1339 979 1519 1030 retibus,
1549 982 1599 1020 ut
1622 992 1756 1021 vena—

255 1060 377 1099 tores
424 1058 596 1111 antiqui
639 1058 870 1107 solebant3
919 1059 970 1099 cf.
1016 1059 1134 1099 infra
1171 1058 1242 1099 IV.
1290 1059 1327 1106 3,
1374 1059 1516 1099 7--8z
1569 1057 1756 1098 «densos

253 1134 464 1189 indagine
490 1134 627 1175 colles
666 1133 1001 1176 Claudentem».
1031 1159 1090 1163 —
1115 1135 1237 1177 allas
1260 1167 1268 1175 .
1294 1167 1303 1174 .
1330 1167 1338 1174 .
1375 1134 1532 1182 valles,
1573 1134 1755 1187 profun-

253 1210 347 1262 das,
376 1211 478 1252 altis
505 1211 733 1252 montibus
761 1211 955 1259 cinctas;
984 1212 1036 1251 01.
1068 1211 1186 1251 111118
1211 1211 1266 1251 ΙΙ.
1304 1212 1342 1259 3,
1377 1212 1458 1252 19;
1506 1210 1646 1251 «valle
1675 1209 1755 1250 sub

251 1288 383 1328 alta».
414 1312 472 1316 —-
499 1286 622 1329 Dum
654 1287 857 1342 placeas,
897 1287 1151 1329 dummodo,
1181 1311 1238 1314 —
1264 1286 1384 1329 retia
1424 1287 1556 1342 ferre,
1599 1286 1756 1328 servile

250 1363 463 1413 officium,
491 1364 610 1417 quod
637 1377 753 1417 saepe
782 1364 1086 1417 suscipiebant
1104 1367 1318 1411 amantes,
1338 1366 1388 1405 ut
1408 1364 1476 1411 118,
1498 1377 1608 1417 quos
1636 1376 1754 1404 ama-

251 1442 371 1490 bant,
402 1444 578 1494 gratum
606 1442 827 1490 facerent3
867 1442 918 1482 cf.
960 1441 1077 1482 infra
1102 1441 1173 1481 IV.
1211 1442 1249 1482 3.
1283 1442 1467 1482 10-11,
1495 1440 1630 1481 verba
1657 1439 1754 1482 Sul—

252 1518 380 1572 piciae
396 1518 564 1559 tributa
583 1534 592 1559 :
627 1516 737 1558 «Sed
753 1520 918 1565 tamen,
943 1521 994 1558 ut
1013 1519 1162 1559 tecum
1180 1518 1323 1567 liceat,
1348 1516 1573 1566 Cerinthe,
1590 1517 1753 1570 vagari,

252 1594 354 1648 Ipse
382 1608 461 1648 ego
501 1608 580 1647 per
617 1597 793 1636 montes
832 1596 944 1636 retia
970 1598 1084 1637 torta
1126 1596 1307 1636 feram».
1344 1595 1594 1649 Mythicum
1620 1595 1755 1636 huius

254 1671 390 1714 officii
440 1673 692 1726 exemplum
741 1676 806 1714 est
845 1672 1079 1721 Milanion,
1114 1673 1190 1726 qui
1229 1674 1341 1714 retia
1379 1673 1483 1713 tulit
1519 1672 1752 1719 Atalantae,

251 1749 492 1790 venatricis
517 1748 751 1797 Arcadicae,
782 1749 835 1790 de
862 1763 948 1803 quo
983 1749 1058 1791 Ov.
1090 1752 1135 1791 A.
1166 1750 1214 1791 A.
1244 1750 1300 1790 II.
1335 1751 1443 1791 189:
1477 1747 1626 1801 «Saepe
1651 1748 1757 1789 tulit

251 1826 375 1867 iusso
404 1825 581 1866 fallacia
608 1826 719 1865 retia
746 1826 886 1866 collo»
912 1840 922 1874 ;
951 1826 1068 1867 idem
1103 1827 1208 1867 fecit
1232 1826 1406 1879 Apollo,
1436 1838 1536 1866 cum
1561 1824 1754 1879 Hyacin-

251 1902 381 1943 thum
410 1903 591 1950 amaret,
635 1904 747 1942 teste
775 1901 851 1943 Ov.
882 1901 984 1942 Met.
1015 1901 1066 1942 X.
1103 1903 1211 1943 171:
1260 1902 1526 1943 «Immemor
1561 1902 1659 1955 ipse
1686 1901 1755 1942 sui

251 1993 345 2020 non
372 1979 484 2020 retia
511 1980 625 2019 18118
653 1980 868 2019 recusat».

311 2056 360 2097 V.
392 2057 582 2097 51—56.
612 2053 665 2097 Si
690 2055 805 2098 volet
839 2067 986 2105 arma,
1017 2055 1303 2108 cogitandum
1341 2056 1395 2097 de
1429 2055 1754 2097 oblectamento

252 2134 468 2174 iuvenum
494 2132 812 2182 Romanorum,
859 2133 934 2186 qui
961 2132 1145 2174 rudibus
1172 2132 1450 2186 gladiatoriis
1477 2134 1503 2174 i.
1531 2146 1566 2174 e.
1594 2132 1755 2186 gladiis

253 2210 416 2263 ligneis
446 2209 776 2250 exercitationis
803 2221 937 2249 causa
963 2210 1236 2262 pugnabant,
1265 2211 1316 2251 ut
1353 2211 1487 2251 etiam
1512 2210 1680 2251 tirones
1706 2211 1754 2250 in

250 2286 420 2326 castris.
450 2310 508 2313 *-
536 2285 620 2327 levi
642 2317 651 2325 .
677 2317 686 2325 .
712 2317 721 2325 .
752 2283 930 2335 deoetra,
950 2285 1121 2334 mobili,
1142 2286 1286 2326 celeri.
1307 2310 1365 2314 —-
1383 2284 1552 2337 ludere,
1574 2286 1752 2339 proprie

251 2360 416 2401 dicitur
443 2360 495 2400 de
522 2360 626 2400 ludo
655 2374 893 2409 armorum,
922 2364 972 2401 ut
1004 2359 1079 2401 Ov.
1110 2361 1177 2402 Tr.
1206 2361 1277 2402 IV.
1312 2362 1347 2412 1,
1392 2363 1472 2403 72:
1518 2361 1629 2402 «Nec
1662 2361 1752 2402 nisi

256 2437 409 2478 lusura
446 2437 668 2478 movimus
706 2451 829 2477 arma
855 2451 1034 2478 manu».
1064 2463 1122 2467 —
1149 2437 1284 2481 dabis
1310 2437 1488 2481 nudum
1504 2471 1514 2479 .
1539 2471 1548 2479 .
1573 2470 1583 2479 .
1615 2438 1751 2491 latus,

254 2514 374 2555 latus
401 2514 602 2566 apertum
620 2513 837 2566 praebebis
862 2513 1024 2555 ictibus
1052 2515 1304 2557 adversarii.
1333 2540 1391 2544 —
1410 2514 1652 2571 puynabit,
1671 2514 1751 2557 sed

253 2591 411 2633 tamen
437 2589 548 2643 apta
574 2587 714 2638 dabit,
744 2590 797 2629 cf.
828 2588 903 2629 Ov.
927 2589 976 2630 Α.
995 2589 1043 2631 Α.
1064 2590 1096 2631 Ι.
1120 2592 1380 2633 663-666ε
1413 2591 1544 2642 «Quis
1572 2591 1751 2644 sapiens

254 2666 433 2708 blandis
459 2679 551 2706 non
577 2666 764 2707 misceat
790 2667 942 2708 oscula
967 2667 1146 2709 verbis?
1171 2669 1254 2709 Illa
1280 2669 1385 2709 licet
1424 2680 1517 2709 non
1542 2666 1628 2718 det,
1655 2680 1749 2708 non

252 2742 360 2784 data
387 2754 511 2784 sume
537 2743 713 2790 tamen3
746 2742 967 2795 Pugnabit
999 2744 1143 2797 primo
1189 2744 1390 2786 fortassis
1423 2745 1489 2785 et:
1530 2741 1748 2797 improbe,
