1942 3132
255 835 272 858 3
278 836 292 857 ¹)

254 1219 290 1242 35

254 1603 291 1626 ΔΟ

253 2370 292 2394 50

255 2754 292 2777 55

313 223 355 256 10

1012 239 1042 267 Ι.
1065 237 1100 267 4.

428 353 624 395 Iurasset
652 354 809 407 cupide
836 354 1048 408 quidquid
1073 355 1252 408 ineptus
1281 368 1428 396 amor:

368 429 536 483 Perque
563 443 665 471 suas
691 430 874 483 impune
901 430 1007 471 sinit
1034 424 1255 484 Dictynna
1281 432 1463 484 sagittas

428 505 657 555 Adfirmes,
686 507 829 548 crines
855 520 1019 561 perque
1045 507 1247 548 Minerva
1274 521 1389 549 suos

370 583 425 623 At
452 583 488 623 si
515 583 667 624 tardus
695 584 792 632 eris,
823 584 1014 625 errabis:
1042 585 1229 625 transiet
1254 587 1360 625 aetas

429 658 571 710 Quam
599 660 711 701 cito:
739 673 831 701 non
858 661 1005 713 segnis
1033 662 1120 702 stat
1145 663 1399 714 remeatque
1427 661 1533 702 dies.

369 735 511 786 Quam
538 737 623 776 cito
650 749 894 789 purpureos
922 736 1120 789 deperdit
1146 740 1264 778 terra
1290 738 1473 787 colores,

429 812 569 863 Quam
596 813 682 853 cito
710 813 926 854 formosas
952 813 1145 866 populus
1173 814 1272 855 alba
1298 826 1462 855 comas.

370 889 512 940 Quam
539 890 666 939 iacet,
692 888 878 930 infirmae
903 903 1064 931 venere
1090 889 1166 930 ubi
1193 891 1285 931 fata
1311 893 1511 939 senectae,

427 966 510 1017 Qui
536 966 660 1019 prior
684 966 792 1007 Eleo
820 968 886 1007 est
912 979 1082 1008 carcere
1109 967 1272 1008 missus
1298 980 1449 1019 equus.

366 1042 466 1083 Vidi
492 1043 583 1083 iam
609 1043 829 1091 iuvenem,
856 1045 1078 1096 premeret
1103 1056 1202 1084 cum
1230 1044 1370 1084 serior
1395 1046 1513 1092 aetas,

426 1119 686 1160 Maerentem
714 1120 872 1161 stultos
898 1120 1163 1173 praeteriisse
1190 1120 1297 1161 dies.

369 1196 579 1239 Crudeles
608 1196 719 1237 divi!
751 1210 932 1250 serpens
958 1210 1101 1238 novus
1129 1198 1246 1238 exuit
1274 1210 1440 1248 annos:

425 1273 598 1315 Formae
625 1287 718 1314 non
743 1273 883 1315 ullam
909 1274 1000 1314 fata
1026 1273 1183 1315 dedere
1209 1287 1393 1315 moram.

369 1348 484 1391 Solis
511 1353 674 1391 aeterna
703 1352 768 1391 est
792 1350 966 1391 Baccho
992 1349 1243 1403 Phoeboque
1271 1350 1499 1392 iuventas:

425 1427 537 1468 Nam
564 1427 688 1468 decet
713 1427 919 1468 intonsus
946 1427 1081 1468 crinis
1107 1430 1344 1480 utrumque
1370 1426 1514 1468 deum.

368 1505 441 1554 Tu,
470 1517 620 1558 puero..
638 1504 942 1559 quodcumque
969 1507 1045 1545 tuo
1072 1506 1288 1557 temptare
1314 1503 1480 1553 libebit,

427 1581 593 1623 Cedas:
622 1581 833 1636 obsequio
859 1581 1054 1634 plurima
1078 1581 1214 1622 vincit
1243 1594 1377 1622 amor.

367 1659 463 1699 Neu
489 1671 635 1699 comes
661 1658 724 1699 ire
750 1671 900 1710 neges,
929 1658 1128 1711 quamvis
1154 1658 1226 1698 via
1252 1657 1384 1711 longa
1409 1661 1588 1710 paretur

426 1735 481 1776 Et
507 1733 640 1777 Canis
668 1735 810 1776 arenti
836 1736 1000 1775 torreat
1029 1748 1132 1776 arva
1157 1734 1243 1783 siti,

369 1812 579 1863 Quamvis
606 1815 852 1864 praetexens
878 1811 997 1864 picta
1024 1811 1245 1864 ferrugine
1272 1811 1427 1851 caelum

426 1888 668 1930 Portendat
693 1888 868 1941 pluvias
894 1888 1094 1929 imbrifer
1121 1900 1246 1928 arcus
1273 1900 1422 1940 aquas.

368 1966 448 2007 Vel
476 1966 512 2007 si
539 1965 747 2006 caeruleas
773 1965 913 2018 puppi
937 1964 1057 2005 volet
1082 1963 1146 2004 ire
1171 1977 1251 2016 per
1274 1963 1447 2013 undas,v

425 2043 526 2096 lpse
554 2043 698 2083 levem
724 2054 845 2083 remo
873 2054 953 2095 per
978 2042 1091 2082 freta
1115 2041 1231 2094 pelle
1258 2043 1413 2081 ratem.

366 2121 455 2161 Nec
480 2123 524 2161 te
551 2120 763 2173 paeniteat
790 2119 923 2159 duros
951 2118 1140 2159 subiisse
1166 2117 1341 2158 labores

426 2197 513 2237 Aut
541 2209 674 2250 opera
699 2196 899 2236 insuetas
925 2194 1161 2236 atteruisse
1186 2206 1359 2242 manus,

367 2274 465 2322 Nec,
494 2273 602 2314 velit
627 2272 802 2313 insidiis
829 2271 942 2312 altas
969 2271 1006 2312 si
1032 2270 1234 2311 claudere
1260 2268 1409 2318 valles,

425 2349 543 2390 Dum
569 2349 757 2401 placeas,
785 2348 927 2389 umeri
949 2348 1062 2388 retia
1088 2348 1199 2388 ferre
1226 2348 1400 2398 negent.

369 2426 414 2467 Si
439 2426 559 2468 volet
587 2438 720 2473 arma,
750 2424 836 2465 levi
862 2423 1100 2477 temptabis
1125 2423 1276 2465 ludere
1303 2420 1476 2462 dextra:

428 2501 549 2555 Saepe
576 2501 701 2542 dabis
727 2500 908 2550 nudum,
936 2500 1086 2542 vincat
1111 2501 1160 2540 ut
1184 2498 1273 2547 ille,
1302 2498 1432 2540 latus.

367 2579 477 2620 Tum
502 2578 582 2620 tibi
608 2578 730 2619 mitis
758 2577 852 2626 erit,
881 2577 1027 2629 rapias
1053 2578 1148 2616 tum
1174 2588 1276 2616 cara
1299 2574 1449 2615 licebit
1496 2575 1500 2580 '

427 2655 612 2697 Oscula:
638 2653 866 2708 pugnabit,
895 2652 971 2694 sed
994 2655 1147 2693 tamen
1174 2654 1277 2705 apta
1301 2650 1436 2692 dabit.

366 2732 510 2786 Rapta
537 2731 658 2773 dabit
682 2731 839 2784 primo,
867 2742 970 2770 mox
996 2728 1150 2770 offeret
1173 2728 1270 2781 ipse
1296 2727 1483 2780 roganti,
1543 2763 1547 2766 ,
