1942 3132
721 222 856 252 miv.
881 220 936 258 13,
961 219 1103 250 5—12.
1590 202 1658 238 297

163 342 319 387 iuncta
344 343 410 386 est
436 375 444 384 .
475 375 483 383 .
514 375 522 383 .
562 338 725 393 Venus,
750 340 803 382 cf.
843 337 943 380 adn.
985 351 1120 393 supra
1156 335 1212 379 ad
1249 335 1283 378 Ι.
1311 338 1350 385 9,
1381 337 1462 378 76:
1496 335 1660 378 «Vene-

166 433 259 462 rem
284 418 507 473 iungere».
537 443 594 446 ——
626 416 694 461 Tu
717 415 833 460 mihi
865 416 965 459 sola
998 415 1171 471 places,
1195 417 1246 456 ut
1270 414 1398 468 Prop.
1425 414 1480 455 Π.
1511 415 1550 465 7,
1583 414 1661 457 19;

170 497 259 539 ιΤυ
282 496 393 538 mihi
422 496 518 537 sola
542 496 714 551 places:
753 495 952 550 placeam
977 492 1073 544 tibi,
1101 491 1306 547 Cynthia,
1335 492 1480 534 solus»
1513 494 1557 533 et
1583 490 1659 534 Ov.

164 574 213 616 A.
241 573 291 616 A.
323 573 358 616 Ι.
386 574 468 620 42:
502 573 663 627 «Elige,
706 573 777 615 cui
817 572 963 614 dicas:
1005 574 1056 613 tu
1095 570 1206 613 mihi
1249 569 1346 612 sola
1385 569 1577 624 places».
1607 595 1662 598 m

165 650 391 695 Formosa
417 653 483 694 est
514 651 661 694 oculis
697 648 798 692 ulla
828 646 987 704 puella
1025 646 1156 702 meis,
1181 648 1232 687 ut
1255 645 1383 700 Prop.
1411 645 1484 687 IV.
1512 647 1551 690 4.
1582 647 1661 687 32:

171 728 251 770 «Et
288 729 484 770 formosa
523 727 663 770 oculis
702 740 826 769 arma
863 724 1029 769 Sabina
1065 724 1200 766 meis»
1233 725 1277 765 et
1313 723 1392 765 ΠΙ.
1433 724 1501 773 24,
1543 725 1581 765 2.
1611 723 1663 764 de

165 805 382 860 Cynthia:
415 804 558 847 «Olim
583 804 724 847 oculis
748 804 940 846 nimium
967 803 1083 844 facta
1109 801 1299 856 superba
1323 802 1479 843 meis».

224 882 274 924 V.
303 884 432 925 5-8.
460 880 575 926 mihi
602 880 719 925 bella
743 879 905 934 videri,
920 883 971 922 111
987 879 1146 923 Catull.
1172 880 1213 930 8,
1235 880 1314 922 16:
1335 879 1430 920 «cui
1445 877 1665 921 videberis

167 959 284 1003 bella
294 963 338 1002 9»
366 985 423 989 ——
450 961 573 1003 tutus
598 971 691 1013 ero,
717 958 872 1000 eadem
897 957 1031 999 verba
1055 957 1104 999 in
1128 956 1216 999 fine
1242 956 1512 1011 pentametri
1536 950 1664 1010 Prop.

166 1039 222 1081 11.
269 1039 335 1089 13,
382 1039 459 1081 14:
494 1037 703 1080 «domina
747 1037 892 1079 iudice
940 1038 1063 1077 tutus
1104 1048 1222 1077 ero».
1251 1059 1310 1062 ——
1333 1033 1486 1090 yloria
1525 1033 1668 1090 vulqi,

167 1115 287 1158 fama
311 1115 430 1157 inter
453 1115 627 1169 vulgus,
654 1114 797 1168 gloria
822 1113 956 1167 vulgo
982 1115 1091 1155 nota
1116 1125 1188 1154 me
1214 1111 1451 1166 pulchram
1476 1110 1668 1152 amicam

167 1193 343 1235 habere.
371 1218 428 1221 —
453 1191 503 1235 in
528 1192 664 1235 tacito
690 1189 890 1248 qaudeat
922 1189 1001 1232 ille
1027 1190 1150 1241 sinu,
1175 1189 1242 1231 ita
1265 1189 1469 1242 gaudere,
1497 1190 1548 1230 ut
1573 1187 1667 1230 vul-

166 1272 240 1313 tus
266 1270 369 1312 sinu
406 1273 519 1323 togae
557 1270 758 1323 tegatur;
796 1269 929 1323 poeta
953 1267 1128 1309 videtur
1164 1267 1331 1308 imitari
1356 1266 1484 1320 Prop.
1511 1265 1568 1308 H.
1598 1267 1667 1314 25,

167 1348 367 1390 29—30:
417 1346 505 1389 «Tu
545 1348 696 1388 tamen
737 1346 919 1396 interea,
964 1345 1166 1400 quamvis
1207 1346 1251 1386 te
1292 1343 1449 1398 diligat
1485 1343 1577 1394 illa,
1615 1342 1670 1387 In

168 1423 303 1466 tacito
329 1422 488 1466 cohibe
527 1421 689 1477 gaudia
726 1422 878 1464 clausa
917 1422 1062 1471 sinu»;
1088 1422 1143 1464 cf.
1171 1422 1307 1464 etiam
1334 1419 1410 1463 Ov.
1439 1420 1567 1463 Trist.
1595 1419 1667 1461 IV.

158 1502 209 1553 ·5‚
239 1502 320 1544 17:
354 1499 508 1554 «Quod
531 1500 636 1542 licet
661 1502 706 1542 et
729 1502 877 1542 tutum
904 1501 983 1551 est,
1010 1499 1131 1541 intra
1156 1501 1234 1541 tua
1271 1500 1451 1553 pectora
1481 1497 1670 1551 gaude».

170 1577 377 1621 Ceterum
417 1577 711 1632 proverbialis
738 1579 805 1619 est
842 1578 935 1619 11ωο
973 1576 1165 1625 1001111ος
1192 1577 1246 1618 cf.
1274 1575 1362 1619 Cic.
1389 1576 1514 1618 Tusc.
1542 1575 1667 1629 Disp.

167 1654 247 1698 HI.
280 1657 363 1698 51:
396 1658 469 1697 «ut
509 1656 557 1697 in
599 1655 702 1696 sinu
741 1654 979 1709 gaudeant,
1020 1654 1212 1708 gloriose
1253 1653 1376 1706 loqui
1418 1652 1669 1700 desinant»;

170 1730 321 1775 senec.
347 1732 487 1788 Epist.
519 1734 615 1782 105,
645 1734 697 1774 3:
730 1731 969 1773 «invidiam
997 1731 1192 1785 effugies,
1222 1732 1260 1773 si
1287 1733 1328 1772 te
1355 1744 1447 1772 non
1473 1731 1669 1784 ingesse-

169 1809 231 1850 ris
270 1808 422 1858 oculis,
463 1809 501 1850 si
537 1808 657 1850 bona
693 1812 772 1850 tua
811 1821 903 1850 non
938 1807 1180 1856 iactaveris‚
1210 1808 1247 1850 si
1289 1807 1441 1851 scieris
1482 1808 1529 1849 in
1568 1808 1670 1849 sinu

170 1884 404 1940 gaudere».
433 1883 585 1927 Simile
619 1888 687 1927 est
723 1885 864 1927 Plaut.
891 1885 1018 1939 Epid.
1048 1886 1126 1928 651
1151 1902 1160 1928 :
1193 1885 1345 1938 «Quod
1384 1886 1491 1928 boni
1518 1889 1596 1935 est,
1626 1886 1672 1927 id

170 1962 332 2004 tacitus
357 1965 506 2004 taceas
531 1963 626 2003 tute
652 1964 798 2003 tecum
826 1965 869 2004 et
892 1962 1128 2017 gaudeas».

230 2038 280 2080 V.
308 2040 468 2082 9—12.
497 2036 589 2093 Sic,
614 2038 690 2080 ubi
716 2052 848 2082 nemo
875 2053 1073 2083 amorem
1097 2043 1226 2082 tuum
1252 2041 1364 2083 mihi
1403 2041 1584 2084 invidet.
1613 2067 1670 2070 —>

173 2114 283 2158 bene
307 2116 470 2168 vivere,
494 2115 634 2166 beate,
663 2119 713 2158 ut
739 2129 872 2171 supra
898 2116 932 2159 Ι.
961 2119 999 2166 3,
1030 2119 1109 2159 35:
1143 2118 1311 2170 «Quam
1337 2118 1449 2160 bene
1477 2117 1670 2161 Saturno

170 2192 379 2235 vivebant
405 2206 547 2246 rege».
576 2218 632 2222 —
665 2192 731 2235 Tu
759 2192 871 2236 mihi
897 2207 1114 2237 curarum
1152 2195 1346 2252 requies,
1373 2199 1423 2239 tu
1447 2198 1577 2239 nocte
1600 2197 1670 2240 vel

172 2271 281 2313 atra
302 2268 480 2313 Lumen
506 2272 546 2313 et
571 2270 622 2313 in
648 2269 759 2313 solis
786 2272 832 2313 tu
860 2269 975 2314 mihi
1001 2271 1137 2315 turba
1164 2272 1292 2328 locis,
1317 2275 1370 2316 cf.
1398 2275 1526 2328 Prop.
1545 2275 1578 2316 I.
1603 2278 1670 2326 11,

173 2347 372 2389 23—24:
407 2346 494 2387 «Tu
519 2347 631 2388 mihi
658 2347 753 2389 sola
791 2347 961 2397 domus,
991 2351 1051 2399 tu,
1080 2349 1284 2404 Cynthia,
1314 2351 1410 2392 sola
1445 2355 1668 2406 parentes.

173 2421 334 2465 Omnia
371 2426 420 2466 tu
457 2426 621 2465 nostrae
658 2427 860 2478 tempora
896 2425 1085 2468 laetitiae»
1116 2430 1161 2469 et
1185 2427 1318 2470 Hom.
1344 2429 1395 2470 Il.
1423 2428 1495 2470 VI.
1523 2430 1647 2473 429-

173 2501 274 2543 430.
296 2499 620 2553 (Andromache
647 2500 703 2543 ad
733 2501 1013 2555 Hectorem:
1034 2499 1202 2560 Ἕκτορ,
1241 2503 1344 2561 ἄταρ
1383 2507 1432 2548 σύ
1472 2522 1542 2563 μοι
1580 2507 1671 2551 ἐσσὶ

143 2577 305 2646 vtat-hp
331 2578 402 2619 καὶ
427 2579 567 2619 πότνια
607 2581 740 2636 μήτηρ
779 2578 881 2623 Ἠδὲ
921 2584 1177 2638 κασίγνητος,
1207 2583 1256 2626 σὺ
1294 2583 1340 2626 δέ
1379 2598 1447 2639 μοι
1485 2585 1669 2640 θαλερὸς

172 2656 441 2712 παρακοίτης.
467 2679 524 2683 —
551 2666 769 2699 curarum
799 2658 993 2715 requies,
1018 2661 1067 2700 ut
1094 2657 1171 2701 Ov.
1197 2659 1262 2701 Ex
1287 2660 1413 2703 Pont.
1440 2661 1519 2703 ΠΙ.
1549 2663 1586 2710 3,
1617 2662 1667 2703 7:

180 2729 385 2773 «Publica
426 2745 495 2773 me
536 2733 711 2787 requies
751 2747 957 2777 curarum
999 2749 1183 2778 somnus
1225 2737 1440 2779 habebat»
1473 2741 1516 2780 et
1541 2739 1668 2780 Trist.
