1988 3138
319 218 340 251 6
962 232 1189 261 PRAEFA'no.

321 348 553 410 Sulpiciae
591 352 641 397 et
676 349 903 398 Cerinthi
938 349 1120 412 scripta
1151 348 1252 409 (IV.
1281 347 1442 408 ,02—6.)
1468 365 1574 397 non
1596 355 1812 412 possunt

318 440 450 485 recte
485 437 723 500 intellegi.
751 438 960 488 Omissae
985 441 1104 486 sunt
1138 437 1380 500 Lygdami
1415 438 1582 500 elegiae
1608 439 1660 496 (l.
1680 437 1810 500 HL),

320 542 441 588 quas
477 543 578 574 una
613 543 727 574 cum
762 526 1056 589 panegyrico
1091 526 1338 574 Messallae
1383 526 1432 585 (l.
1469 526 1554 574 IV.
1597 528 1658 585 1.)
1694 544 1814 576 mox

318 614 557 677 peculiari
590 615 915 663 tractabimus
949 614 1136 663 libello.

383 703 445 750 In
481 703 650 766 elegiis
686 704 890 752 edendis
924 719 1027 751 non
1070 705 1258 751 servavi
1294 703 1519 752 ordinem
1560 704 1815 755 codicibus

318 792 574 851 traditum,
590 792 677 841 sed
694 795 980 854 temporum
1007 791 1244 850 ordinem,
1271 808 1368 853 quo
1395 808 1463 840 eae
1489 792 1685 855 scriptae
1705 811 1815 843 esse

319 882 445 929 mihi
478 881 725 939 videntur,
763 884 964 929 secutus
1001 896 1138 938 sum;
1174 881 1227 927 in
1263 880 1668 931 adnotationibus
1705 899 1815 931 exe-

317 970 492 1033 geticis
527 986 631 1018 non
667 971 832 1018 solum
867 969 1086 1015 virorum
1121 967 1396 1028 doctorum,
1440 971 1526 1019 sed
1562 972 1713 1019 etiam
1749 972 1815 1020 ci-

319 1061 456 1108 vium
474 1059 886 1107 Academicorum
904 1058 1180 1106 rationibus
1200 1059 1462 1122 consulere
1487 1060 1637 1120 volui,
1663 1077 1816 1124 quare

319 1167 382 1199 ne
416 1149 662 1198 faciliores
698 1148 899 1211 quidem
933 1149 1071 1196 locos
1114 1148 1312 1196 silentio
1357 1150 1816 1210 praetermittendos

319 1240 514 1301 putavi;
572 1239 624 1286 in
678 1237 1085 1286 adnotationibus
1143 1237 1326 1285 criticis
1385 1238 1620 1300 exscripsi
1676 1239 1815 1289 locos

321 1343 510 1386 omnes,
547 1327 633 1374 ubi
668 1343 695 1374 a
732 1325 898 1374 codice
923 1326 1253 1374 Ambrosiano
1290 1325 1628 1386 discesseram,
1667 1343 1813 1390 expo-

320 1417 496 1479 suique
532 1431 704 1464 causas
742 1414 1149 1463 emendationum
1172 1429 1410 1472 mearum,
1437 1415 1616 1476 quibus
1640 1432 1815 1465 versus

319 1509 603 1568 temporum
638 1504 819 1552 iniuria
855 1506 1113 1564 corruptos
1160 1518 1333 1551 sanare
1385 1503 1579 1562 studui3
1631 1503 1686 1551 in
1733 1521 1813 1553 ex-

320 1594 545 1642 cursibus
594 1593 951 1641 commentario
998 1591 1201 1639 adiectis
1252 1590 1303 1638 id
1353 1591 1567 1639 maxime
1620 1592 1709 1655 egi,
1758 1595 1818 1640 ut

319 1682 620 1744 quaestiones
674 1682 735 1729 ad
787 1681 1013 1729 ordinem
1070 1680 1348 1727 carminum
1405 1680 1816 1743 chronologicum

318 1771 642 1832 pertinentes,
679 1773 925 1832 quantum
959 1771 1012 1817 in
1046 1786 1126 1817 me
1160 1770 1266 1829 fuit,
1308 1769 1566 1818 solverem.

387 1859 577 1918 Quibus
614 1859 673 1907 de
709 1859 901 1908 ratione
938 1859 1115 1907 edendi
1161 1875 1309 1921 quam
1354 1857 1643 1906 brevissime
1688 1873 1813 1919 prae-

318 1947 486 1995 missis
520 1951 688 2007 restat,
726 1951 783 1995 ut
805 1948 989 1996 librum
1013 1963 1182 1995 meum
1205 1946 1568 1995 benevolentiae
1593 1945 1814 1993 virorum

319 2035 583 2084 doctorum
618 2052 688 2096 ea,
726 2053 819 2099 qua
857 2052 945 2098 par
990 2039 1080 2094 est,
1127 2035 1403 2083 reverentia
1449 2034 1812 2083 commendem.

385 2125 578 2171 Dabam
612 2124 941 2186 Budapestini
974 2140 1146 2172 mense
1181 2124 1363 2171 Martio
1399 2139 1438 2171 a.
1476 2121 1686 2170 MOMV.

1158 2281 1318 2343 Geyza
1352 2281 1595 2342 Ne‘methy

892 2367 1105 2401 Academiae
1131 2367 1369 2401 Litterarum
1394 2365 1630 2410 Hungaricae
1654 2364 1812 2400 sodalis.
