1942 3132
800 212 907 242 mi.
931 211 965 249 7,
993 211 1109 242 1—4.
1630 199 1703 234 ¹8¹

211 325 329 374 diem
355 332 461 378 fore.
481 331 555 386 qui
573 331 817 386 Aquitanas
843 324 997 384 gentes
1023 331 1208 373 fundere
1230 334 1396 384 posset.
1414 331 1524 373 Cum
1551 331 1706 374 eodem

212 409 333 451 enim
371 408 504 451 verbo
531 406 769 463 (cecinere)
794 408 989 462 primum
1028 407 1215 462 simplex
1252 409 1529 450 accusat-ivus
1567 408 1707 462 (hunc

210 484 363 541 diem),
389 484 548 528 deinde
575 484 849 527 aecusativus
887 497 987 526 cum
1024 480 1248 527 infinitivo
1274 484 1415 539 (hunc
1438 485 1533 541 fore
1559 498 1619 526 vs.
1651 487 1707 544 3.)

209 562 421 616 iungitur.
450 586 508 590 —
533 560 732 604 cecinere
768 558 941 613 Parcoe,
980 574 1076 615 quae
1120 562 1249 615 pueri
1295 561 1427 603 modo
1474 562 1569 602 nati
1615 563 1706 603 fata

214 638 451 694 praedieere
489 638 644 688 solent,
684 640 734 680 ut
771 638 886 680 infra
924 638 996 680 IV.
1025 641 1064 685 5,
1095 640 1237 681 3--42
1270 639 1351 682 «Te
1378 641 1587 681 nascente
1625 652 1703 680 no-

209 729 314 758 vum
354 714 499 757 Parcae
539 715 737 756 cecinere
777 715 940 769 puellis
979 713 1263 765 Servitium»;
1302 717 1354 758 ef.
1394 714 1558 770 Hygin.
1598 715 1702 757 Fab.

215 793 323 834 171:
356 790 491 834 «Cum
518 794 634 833 esset
670 793 805 833 natus
831 791 1069 846 Meleager,
1097 792 1243 835 subito
1281 793 1329 834 in
1369 793 1490 846 regia
1516 805 1703 847 apparu-

211 871 342 911 erunt
366 869 524 919 Paroae,
553 868 728 919 Clotho,
759 869 983 920 Lachesis,
1012 870 1213 925 Atropos,
1255 871 1326 912 cui
1366 871 1475 912 fata·
1494 870 1558 911 ita
1595 870 1704 911 oeci-

208 949 416 989 nerunt».
446 971 501 974 —
525 944 663 1000 diem,
688 946 716 987 i.
745 960 781 988 e.
809 945 928 988 diem
966 947 1164 989 natalem
1192 945 1425 989 Messallae.
1453 971 1513 974 —-
1537 937 1706 1002 fatalia

208 1025 363 1067 nentes
388 1021 617 1077 Stamina,
642 1023 788 1065 locum
827 1023 1030 1065 imitatur
1055 1023 1131 1066 Ov.
1160 1023 1264 1066 Met.
1293 1023 1412 1066 VIII.
1437 1025 1550 1066 453:
1585 1021 1703 1065 «Sta-

211 1100 422 1154 minaque
459 1100 678 1154 impresso
715 1100 869 1142 fatalia
904 1101 1066 1155 pollice
1104 1103 1287 1143 nentes»
1326 1102 1370 1142 et
1407 1100 1533 1142 'Pi-ist.
1574 1100 1623 1142 V.
1665 1103 1701 1149 3,

209 1176 410 1219 25—26:
433 1175 636 1219 «Scilicet
659 1177 774 1218 hanc
799 1177 943 1230 legem
970 1180 1128 1219 nentes
1155 1177 1309 1219 fatalia
1332 1176 1477 1219 Pareae
1504 1176 1706 1219 Stamina

207 1252 277 1295 bis
303 1254 453 1308 genito
480 1253 549 1295 bis
574 1254 783 1296 cecinere*
810 1254 917 1296 tibi»
926 1269 937 1303 ;
964 1255 1015 1296 of.
1043 1254 1180 1309 Lygd„
1211 1256 1248 1304 3,
1279 1255 1453 1297 35——36
1468 1270 1479 1305 3
1512 1255 1705 1296 «tristes—

207 1344 292 1386 que
319 1345 506 1380 sorores,
524 1330 727 1374 Stamina
752 1345 847 1387 quae
873 1332 1042 1374 ducunt
1065 1346 1248 1388 quaeque
1274 1333 1423 1375 futura
1447 1334 1632 1374 neunt».
1647 1357 1699 1361 —

205 1420 300 1452 mm
324 1407 412 1452 ulli
436 1407 730 1453 dissoluenda
750 1408 847 1460 deo,
874 1410 978 1464 quia
1003 1410 1143 1452 fatum
1169 1423 1227 1452 ne
1249 1410 1310 1452 dii
1328 1410 1506 1465 quidem
1531 1413 1704 1453 mutare

206 1489 421 1540 possunt3
462 1487 515 1528 of.
556 1486 632 1529 Ov.
672 1486 800 1530 Trist
838 1487 887 1530 V.
930 1489 969 1537 3,
1014 1489 1213 1530 17—18:
1258 1489 1351 1530 «An
1392 1488 1584 1531 dominae
1626 1490 1705 1530 fati

206 1562 658 1617 quidquidoecinere
698 1577 886 1614 sorores,
915 1563 1058 1606 Omne
1085 1564 1166 1607 sub
1192 1565 1375 1607 arbitrio
1412 1564 1578 1607 desinit
1608 1580 1704 1608 esse

207 1639 304 1682 dei·
322 1644 343 1682 ξ)
363 1666 420 1669 -
449 1639 760 1697 dissoluenda,
785 1643 979 1697 quinque
1006 1642 1197 1697 syllabae,
1225 1644 1276 1684 ut
1303 1657 1437 1697 supra
1462 1643 1493 1685 L
1527 1645 1592 1693 10,
1622 1645 1704 1686 6⁶2:

215 1716 308 1759 «Sit
333 1718 440 1760 satis
466 1721 649 1761 ornatus
675 1719 937 1770 dissoluisse
969 1733 1129 1762 oomae»
1162 1723 1205 1762 et
1229 1722 1348 1763 infra
1371 1735 1433 1763 vs.
1462 1722 1544 1764 40:
1578 1721 1704 1763 «Pec-

206 1796 306 1835 tora
330 1795 495 1836 laetitiae
533 1794 820 1838 dissoluenda
846 1795 1007 1838 dedit».
1035 1822 1093 1826 ψ
1121 1795 1257 1840 Hunc
1292 1798 1403 1854 fore,
1430 1799 1548 1841 hunc
1586 1799 1703 1841 diem

209 1871 317 1912 fore.
345 1870 555 1914 Messalla
590 1873 727 1926 igitur
763 1874 861 1927 ipso
898 1873 1037 1915 natali
1065 1887 1144 1915 suo
1179 1875 1424 1928 Aquitanos
1463 1875 1704 1930 pugnando

209 1946 382 1998 devicit,
411 1948 528 2003 quod
554 1948 822 1991 Timoleonti
850 1950 1013 2003 saepius
1039 1951 1279 2004 contigisse
1305 1951 1433 1994 docet
1449 1951 1579 1995 Corn.
1594 1954 1702 2008 Nep.

208 2024 365 2066 Timol.
393 2038 427 2066 c.
455 2025 509 2066 5:
541 2024 676 2066 «Nam
701 2026 858 2079 proelia
881 2027 1074 2068 maxima
1099 2028 1239 2069 natali
1265 2041 1346 2070 suo
1373 2029 1442 2070 die
1482 2031 1584 2072 fecit
1610 2045 1704 2074 om-

207 2102 296 2150 nia,
324 2114 411 2155 quo
438 2101 602 2142 fact-um
629 2104 707 2150 est,
735 2105 786 2143 ut
817 2102 913 2144 eius
939 2102 1056 2145 diem
1094 2105 1289 2147 natalem
1327 2106 1490 2149 festum
1522 2107 1705 2150 haberet

209 2177 417 2219 universa
443 2176 635 2219 Sicilia».
663 2203 720 2206 —
746 2177 1006 2234 Aquitanas
1036 2182 1190 2235 posset
1217 2181 1297 2238 qui
1320 2181 1510 2238 fundere
1534 2186 1704 2242 9entes,

202 2255 382 2308 ‚poetice
421 2254 508 2295 diei
546 2254 765 2303 tribuitur,
807 2255 924 2309 quod
962 2257 1127 2299 factum
1166 2261 1235 2300 est
1260 2272 1312 2301 eo
1338 2259 1423 2309 die,
1451 2264 1502 2302 ut
1525 2261 1701 2304 Pindar.

204 2329 335 2385 Pyth.
375 2330 449 2372 IX.
491 2332 572 2372 68:
610 2337 722 2373 κεῖνο
758 2330 858 2374 Ικεῖν’
886 2330 999 2390 ἆμαρ
1038 2333 1271 2384 διαίτασεν;
1310 2334 1417 2378 Hor.
1458 2335 1599 2380 Carm.
1623 2337 1700 2380 111.

209 2407 249 2456 8,
277 2409 331 2450 9:
363 2407 471 2449 «Hic
497 2407 591 2449 dies
617 2421 736 2450 anno
770 2409 982 2452 redeunte
1019 2412 1160 2454 festus
1186 2411 1406 2455 Cortieem
1443 2413 1702 2458 adstrictum

206 2485 306 2539 pice
346 2485 590 2527 dimovebit
628 2486 907 2541 Amphorae».
945 2512 1003 2517 —
1042 2487 1373 2544 Aquitanas..
1406 2525 1414 2533 .
1443 2493 1615 2549 yentes,
1654 2492 1702 2534 in

201 2559 381 2611 .Gallia;
420 2563 472 2603 of.
501 2561 607 2604 Caes.
633 2562 683 2604 Β.
712 2561 763 2605 G.
790 2563 824 2605 L
856 2565 891 2614 1,
921 2565 973 2607 7:
1005 2565 1267 2619 «Aquitania
1304 2580 1330 2608 a
1357 2566 1584 2610 Garumna
1621 2568 1701 2611 flu-

203 2637 330 2680 mine
356 2638 412 2680 ad
436 2639 668 2693 Pyrenaeos
693 2643 869 2683 montes
894 2644 939 2682 et
964 2655 1061 2683 eam
1087 2645 1258 2696 partem
1285 2642 1461 2689 Oceani.
1502 2659 1597 2699 quae
1637 2650 1704 2687 est

208 2715 266 2757 ad
310 2715 588 2772 Hispaniam,
635 2717 968 2772 pertinet»..—
1009 2718 1154 2771 Quem
1199 2722 1442 2764 tremeret.
1472 2756 1479 2763 .
1518 2756 1527 2764 .
1561 2722 1699 2772 Αίαω,
