1942 3132
247 215 320 249 142³
837 227 974 259 :An-1.
999 228 1037 269 5,
1062 228 1177 258 1—4.

245 346 431 387 Paratus
459 347 527 386 est
552 345 755 398 quamvis
793 359 973 400 poenam
1015 347 1175 395 subire,
1204 347 1331 398 rogat
1361 347 1514 386 tamen
1539 346 1749 398 puellam,

246 425 297 463 ut
319 424 473 475 pareat
500 421 691 462 amatori
717 424 760 462 et
785 421 834 462 in
858 422 1049 476 gratiam
1089 435 1241 463 secum
1278 421 1431 463 redeat
1455 422 1624 474 (1--8).-
1644 422 1751 463 Nar-

247 501 315 539 rat
343 511 387 539 se
414 497 605 547 Deliam,
633 511 735 538 cum
760 499 915 540 morbo
953 499 1178 540 laboraret
1214 498 1489 551 gravissimo,
1517 499 1633 540 votis
1661 499 1752 540 suis

249 578 448 617 servasse
475 574 670 625 (9—18.)
708 575 973 629 qualemque
1011 575 1284 627 imaginatus
1318 575 1376 616 sit
1413 575 1685 625 felicitatem,
1716 576 1754 616 si

249 655 456 697 restituta
482 653 738 696 valetudine
768 664 918 693 seeum
947 665 1044 693 eam
1071 652 1163 692 ruri
1190 651 1607 704 haberet(19—36).
1626 646 1754 692 Nune

251 745 276 774 a
299 732 429 773 Delia
456 731 638 772 relictus
663 730 769 771 vino
797 741 925 770 curas
950 728 1173 782 depellere
1200 729 1364 770 frustra
1389 728 1585 781 temptat
1610 741 1754 782 neque

252 810 366 851 alius
391 808 554 862 puellae
583 807 789 860 amplexu
822 805 910 846 frui
934 807 1093 865 potest,
1123 818 1224 846 eum
1263 803 1438 858 semper
1462 804 1593 846 Delia
1632 805 1689 847 sit
1715 805 1755 845 ei

252 887 299 927 in
327 885 476 927 animo
504 883 726 937 (37—46).
755 881 899 924 Causa
934 882 1157 923 malorum
1197 884 1263 923 est
1300 883 1414 925 lena.
1445 875 1756 935 quaedivitem

253 962 475 1016 quendam
515 962 761 1003 amatorem
797 960 958 1012 puellae
985 959 1326 1001 commendavit.
1358 957 1480 1011 Sagae
1519 958 1657 1011 igitur
1689 958 1756 999 illi

254 1038 372 1079 diras
409 1036 657 1078 horrendas
695 1037 965 1089 imprecatur
989 1037 1209 1087 (47—58).
1238 1035 1411 1077 Deinde
1438 1035 1614 1076 Deliam
1647 1035 1757 1076 allo-

259 1113 419 1168 quitur,
449 1113 710 1154 dehortatur
737 1126 836 1153 eam
863 1126 889 1154 a
913 1113 1146 1166 praeeeptis
1183 1113 1296 1154 lenae
1323 1114 1367 1153 et
1393 1112 1604 1165 pauperis
1637 1124 1757 1152 ama-

258 1190 368 1232 toris
396 1188 542 1231 officia
580 1188 735 1231 laudat
761 1189 981 1240 (59—66).
1009 1188 1063 1229 In
1099 1188 1201 1239 fine,
1229 1201 1329 1229 cum
1373 1188 1536 1229 sentiat
1575 1187 1759 1228 ianuam

257 1269 414 1308 amatae
440 1266 714 1308 carminibus
742 1265 839 1307 sine
864 1264 1057 1318 pecunia
1083 1265 1244 1318 aperiri
1270 1278 1361 1305 non
1400 1277 1546 1317 posse,
1574 1264 1759 1306 rivalem

256 1343 439 1385 divitem
477 1346 643 1393 monet,
683 1356 739 1383 ne
778 1341 955 1383 Deliam
992 1340 1170 1383 fidelem
1209 1342 1293 1384 sibi
1331 1343 1423 1382 fore
1448 1341 1621 1382 eredat:
1662 1343 1759 1383 esse

258 1420 377 1461 enim
415 1420 507 1460 iam
547 1419 596 1460 in
633 1419 790 1460 limine
833 1418 1067 1473 quendam,
1098 1419 1172 1472 qui
1204 1419 1403 1472 puellam
1444 1418 1599 1460 furtim
1639 1418 1760 1459 adire

252 1498 379 1550 paret
404 1497 625 1547 (GP—76).

272 1592 275 1609 ι
302 1572 362 1614 Ὺ.
396 1574 521 1614 1κ4.
542 1571 702 1627 Asper,
731 1574 867 1623 ferox,
895 1573 1049 1614 iratus.
1065 1597 1124 1600 —
1141 1571 1248 1614 bene
1275 1570 1520 1614 discidium
1544 1584 1616 1614 me
1641 1571 1760 1627 ferre

260 1648 489 1704 loquebar,
519 1649 668 1690 locum
693 1649 896 1690 imitatur
922 1649 998 1690 Ov.
1027 1648 1132 1690 Met.
1151 1649 1265 1690 XIV.
1285 1650 1310 1690 7
1316 1649 1474 1690 8—79.
1495 1647 1548 1688 de
1565 1647 1762 1690 Didone:

262 1726 458 1779 «Excipit
483 1726 667 1767 Aenean
704 1726 797 1767 illie
837 1727 1076 1779 animoque
1116 1725 1335 1778 domoque
1362 1725 1462 1766 Non
1494 1724 1606 1766 bene
1633 1723 1763 1765 disei-

258 1801 380 1843 dium
405 1802 586 1855 Phrygii
611 1803 757 1843 latura
782 1803 974 1844 mariti».
1002 1827 1061 1831 —
1090 1802 1197 1844 bene
1223 1834 1233 1844 .
1261 1834 1272 1844 .
1301 1834 1311 1843 .
1339 1801 1469 1857 ferre,
1499 1801 1628 1842 facile
1653 1802 1763 1843 tole-

259 1894 380 1929 rare;
407 1880 681 1921 eontrarium
709 1880 801 1920 est:
828 1879 945 1919 male
975 1878 1066 1920 sive
1093 1892 1205 1932 aegre
1232 1879 1360 1919 ferre.
1388 1902 1448 1906 —
1471 1877 1636 1933 yloria,
1670 1878 1763 1930 glo-

219 1942 221 1944 ⁵
261 1957 405 1999 riatio.
434 1982 493 1985 —
519 1954 731 2011 Namque
757 1967 883 2011 aqor,
912 1958 962 1998 ut
990 1967 1076 2010 per
1111 1955 1258 2010 plana
1287 1954 1404 1997 citus
1445 1954 1542 1997 loca
1582 1954 1772 1997 verbere*

262 2033 436 2083 turben,
470 2032 613 2084 Quem
655 2032 773 2075 celei·
810 2031 1004 2075 adsueta
1042 2034 1195 2074 versat
1223 2031 1280 2074 ab
1321 2033 1418 2074 arte
1449 2044 1581 2087 puer,
1610 2030 1766 2072 eadem

263 2109 558 2153 similitudine
597 2109 739 2151 utitur
774 2108 901 2162 Verg.
942 2110 1050 2150 Aen.
1088 2108 1183 2149 VII.
1226 2108 1474 2150 377——384.
1517 2107 1571 2149 de
1606 2107 1767 2149 Amata

263 2189 462 2228 furente:
502 2187 636 2227 «furit
672 2186 905 2240 lymphata
942 2198 1023 2238 per
1058 2185 1216 2227 urbem
1257 2184 1348 2226 Ceu
1386 2183 1612 2238 quondam
1648 2186 1765 2225 torto

263 2264 457 2305 volitans
499 2263 581 2305 sub
621 2262 803 2304 verbere
844 2262 986 2312 turbo,
1029 2263 1170 2314 Quem
1206 2263 1336 2316 pueri
1373 2274 1535 2315 magno
1573 2262 1622 2302 in
1658 2275 1766 2316 gyro

261 2354 399 2382 vacua
427 2340 540 2381 atria
556 2341 723 2381 circum
750 2339 920 2381 Intenti
945 2338 1050 2380 ludo
1082 2342 1284 2380 exercent
1299 2355 1309 2389 ;
1335 2339 1413 2379 ille
1441 2341 1564 2380 aetus
1590 2337 1766 2379 habena

265 2416 466 2458 Gurvatis
485 2418 623 2457 fertur
640 2416 823 2470 spatiis;
852 2419 1001 2470 stupet
1027 2417 1167 2458 inscia
1196 2430 1328 2470 supra
1353 2415 1649 2469 Impubesque
1671 2429 1764 2456 ma-

264 2506 350 2534 nus
376 2493 537 2533 mirata
553 2492 747 2533 volubile
761 2492 955 2543 buxum3
982 2492 1306 2535 Dantanimcs
1331 2492 1488 2546 plage:
1514 2503 1608 2532 non
1633 2503 1767 2532 cursu

269 2570 447 2623 segnior
472 2569 552 2609 illo
578 2569 660 2609 Per
686 2568 858 2609 medias
895 2569 1027 2610 urbes
1067 2569 1212 2622 agitur
1249 2568 1527 2622 populosque
1554 2568 1765 2618 feroces»;

267 2647 483 2689 ef.--etiam
511 2645 682 2687 Gallim.
724 2647 860 2699 epigr.
889 2647 1022 2688 Anth.
1062 2646 1152 2688 Pal.
1181 2646 1275 2687 VII.
1317 2646 1385 2694 89,
1427 2645 1597 2686 9—102
1639 2643 1695 2686 Οἵ
1729 2645 1764 2686 δ’

269 2723 334 2779 ἄρ’
362 2720 436 2765 ὑπὸ
461 2723 641 2778 πληγῇσι
659 2723 774 2768 »θοὰς
804 2723 1001 2778 βέμβικας
1030 2722 1194 2779 ἔχοντες
1221 2722 1452 2778 ’Έστρεφον
1466 2719 1604 2776 εὐρείῃ
1620 2721 1765 2768 παῖδες
