1942 3132
761 208 818 238 u>
838 207 887 237 n.
909 205 943 244 5,
968 205 1135 236 57—62.
1627 193 1704 229 283

202 338 333 367 suum
370 338 535 368 nomen
572 324 781 367 inductus
807 338 834 366 a
857 324 1034 367 vatibus
1074 325 1210 366 fatale
1249 324 1305 366 ad
1342 326 1587 378 perniciem
1612 327 1699 368 rei-

202 402 387 456 publioae
414 402 507 445 fore
543 402 739 456 putavit»
771 404 815 444 et
838 401 931 443 Liv.
960 401 1093 444 XXV.
1126 403 1191 453 16,
1219 403 1271 444 9:
1305 402 1423 443 «dies
1449 404 1703 458 composita

201 477 402 533 gerendae
426 479 491 520 rei
513 481 622 521 est».
636 503 695 507 —-
717 476 817 530 Qua
843 491 931 521 sua
955 477 1010 521 de
1035 478 1143 522 caelo
1163 479 1382 535 prospicit
1406 492 1519 522 arva
1549 478 1702 535 Ceres,

202 569 287 610 qua
325 556 444 598 culta
483 558 600 597 terra
641 559 733 604 est3
774 556 894 598 culta
932 569 1038 610 pars
1077 558 1206 598 terrae
1247 558 1341 598 tota
1365 555 1517 598 Romae
1557 560 1696 610 paret.

201 631 264 675 Cf.
305 630 382 674 Ov.
419 631 538 673 Fast.
577 632 610 674 L
651 633 852 674 85—86:
886 632 1112 687 «Iuppiter
1151 646 1249 674 arce
1291 645 1371 674 sua
1411 645 1509 674 eum
1552 635 1698 674 totum

202 711 368 763 spectet
391 709 440 751 in
466 709 632 761 orbem,
658 709 732 751 Nil
756 709 846 752 nisi
872 709 1140 761 Romanum,
1164 710 1280 765 quod
1306 712 1494 757 tueatur,
1519 709 1699 759 habet»;

164 825 166 827 ,
199 786 308 830 Hor.
334 786 478 830 Carm.
507 801 602 830 sae0.
632 788 805 830 9—12:
840 787 991 829 «Alme
1019 786 1108 837 Sol,
1137 800 1269 829 curru
1307 786 1450 828 nitido
1476 786 1595 828 diem
1621 786 1698 840 qui

199 863 371 907 Promis
408 867 451 906 et
492 865 609 906 celas
650 864 853 919 aliusque
895 867 939 907 et
978 864 1097 906 idem
1139 863 1355 912 Nemetis,
1396 863 1544 918 possis
1581 863 1699 904 nihil

198 941 307 983 urbe
344 941 486 983 Roma
509 941 663 983 Visere
699 941 890 991 maius»;
915 941 1043 996 Verg.
1073 940 1150 984 Ge.
1176 941 1211 983 Ι.
1251 942 1333 983 96:
1367 940 1528 983 «Flava
1565 939 1701 983 Ceres

200 1018 290 1060 alto
329 1018 598 1073 nequiquam
636 1021 807 1073 spectat
832 1016 1064 1073 Olympo».
1093 1043 1151 1047 ——
1175 1020 1346 1074 patent,
1385 1017 1694 1066 extenduntur,

199 1098 248 1136 ut
275 1109 409 1150 supra
433 1109 495 1137 vs.
525 1096 606 1138 33:
639 1095 721 1137 «At
745 1108 831 1150 qua
855 1095 1036 1138 Velabri
1061 1096 1182 1150 regio
1214 1098 1379 1150 patet».
1406 1120 1465 1124 ——
1491 1097 1618 1139 ortus
1658 1097 1699 1138 et

199 1183 292 1227 qua
315 1171 605 1227 fluitantibus
618 1171 759 1216 undis
776 1170 900 1216 Solis
917 1171 1187 1215 anhelantes
1206 1172 1353 1216 abluit
1370 1172 1523 1216 amnis
1542 1183 1701 1227 equos,

198 1249 250 1290 cf.
277 1248 386 1291 Hor.
414 1248 558 1291 Carm.
584 1249 657 1292 IV.
689 1251 756 1299 15,
787 1250 987 1292 14--162
1021 1249 1204 1304 «imperi
1243 1250 1448 1292 Porreeta
1484 1250 1698 1292 maiestas

197 1324 254 1367 ad
291 1328 415 1367 ortus
453 1324 571 1368 Solis
609 1325 663 1367 ab
700 1325 920 1380 Hesperio
959 1326 1138 1375 cubili»;
1166 1325 1243 1368 Ov.
1270 1326 1389 1369 Fast.
1429 1327 1484 1369 II.
1517 1327 1613 1369 136.
1643 1326 1699 1368 de

195 1402 422 1461 Augusto:
454 1402 576 1445 «Hoc
601 1403 711 1445 duce
737 1403 992 1445 Romanum
1032 1406 1099 1445 est
1138 1404 1245 1446 solis
1271 1407 1509 1458 utrumque
1546 1404 1691 1445 latus»

197 1480 242 1520 et
280 1479 386 1522 ibid.
426 1479 498 1522 IV.
542 1481 791 1523 831—832.
834 1480 888 1522 de
927 1480 1094 1523 Roma:
1128 1481 1305 1535 «Longa
1347 1481 1404 1522 sit
1444 1481 1549 1523 huie
1587 1483 1699 1522 aetas

196 1555 474 1611 dominaeque
497 1557 700 1612 potentia
724 1559 864 1607 tenae,
894 1556 1048 1612 Sitque
1075 1558 1157 1599 sub
1183 1558 1265 1599 hac
1290 1559 1439 1600 oriens
1466 1557 1697 1600 occiduus-

197 1646 280 1686 que
306 1633 443 1676 dies».
470 1659 529 1663 -—
554 1636 699 1689 ortus,
725 1647 782 1676 so.
811 1634 930 1683 solie,
958 1648 1063 1688 pars
1102 1635 1220 1677 orbis
1257 1639 1475 1678 terrarum
1502 1637 1696 1678 orienta-

196 1709 266 1752 lis.
293 1735 351 1739 —
375 1710 666 1766 fluitantibus
692 1710 831 1754 undis
860 1745 868 1752 .
899 1745 907 1753 .
936 1745 944 1753 .
975 1712 1146 1765 amnis,
1168 1710 1384 1762 Oceanus,
1412 1714 1516 1767 quia
1543 1713 1696 1755 orbem

195 1789 413 1829 terrarum
438 1786 728 1837 circumfluit3
761 1789 813 1829 cf.
839 1787 974 1830 Hom.
1002 1786 1079 1829 Od.
1109 1788 1184 1830 XI.
1212 1790 1323 1831 639:
1348 1787 1545 1831 Ὠκεανὸν
1570 1804 1696 1832 ποτα-

198 1867 299 1921 μύν;
324 1863 453 1918 Verg.
482 1863 560 1907 Ge.
577 1864 649 1906 IV.
669 1866 781 1907 233:
802 1863 993 1906 «Oceani
1010 1865 1201 1914 amnis»;
1219 1864 1296 1907 Ov.
1314 1865 1419 1908 Met.
1438 1866 1472 1908 L
1491 1868 1661 1910 30—31
1682 1882 1693 1909 ε

203 1940 510 1983 «circumfluus
540 1955 671 1984 umor
694 1944 768 1995 (sc.
796 1941 1016 1994 Oceanus)
1040 1943 1210 1986 Ultima
1245 1943 1443 1998 possedit
1481 1944 1695 1987 solidum-

197 2031 283 2073 que
307 2018 503 2061 coercuit
527 2018 723 2068 orbemu
748 2019 884 2075 Lygd.
908 2021 949 2070 4,
972 2020 1169 2063 17—18:
1203 2020 1323 2063 «Iam
1348 2034 1436 2064 nox
1460 2022 1694 2065 aetherium

196 2095 336 2149 nigris
376 2108 559 2138 emensa
598 2096 821 2152 quadrigis
857 2096 1078 2140 Mundum
1120 2099 1307 2141 caeruleo
1352 2099 1522 2142 laverat
1562 2113 1696 2142 amne

196 2176 358 2214 rotas».
377 2196 436 2200 —
461 2172 731 2217 anhelantes
758 2208 767 2216 .
798 2207 810 2217 .
836 2208 845 2216 .
874 2186 1028 2231 equos,
1045 2178 1227 2230 propter
1250 2189 1429 2218 cursum
1456 2176 1695 2227 diurnum;

197 2247 356 2291 of.·Ov.
382 2249 487 2292 Met.
514 2250 586 2293 IV.
615 2252 876 2294 633—634:
909 2255 1098 2307 «pontus
1125 2255 1230 2303 erat,
1260 2254 1335 2308 qui
1362 2252 1479 2295 Solis
1517 2254 1695 2297 anhelis

196 2327 399 2381 Aequora
423 2326 572 2370 subdit
609 2328 734 2383 equis
761 2331 806 2371 et
842 2329 984 2371 fessos
1009 2329 1172 2384 accipit
1197 2343 1342 2372 axes».
1371 2355 1429 2359 -
1455 2331 1619 2386 abluit,
1644 2336 1696 2374 ut

195 2403 323 2457 Verg.
366 2401 443 2446 Ge.
485 2403 563 2446 III.
608 2405 706 2447 359.
749 2404 802 2447 de
843 2403 971 2448 Sole:
1016 2406 1316 2461 «Praeoipitem
1355 2406 1523 2449 Oceani
1559 2409 1695 2451 rubro

195 2481 305 2523 lavit
349 2494 524 2535 aequore
569 2495 788 2526 cursum».
828 2508 887 2513 —
920 2482 1071 2539 Troia,
1115 2485 1246 2527 Troia
1291 2498 1541 2539 resurgens,
1582 2487 1608 2528 i.
1654 2502 1690 2529 e.

194 2557 350 2600 Roma.
376 2583 435 2587 —
461 2557 550 2601 sibi
574 2557 690 2603 dicet
723 2557 809 2603 Vos
834 2560 944 2604 bene
980 2562 1076 2605 tam
1116 2561 1253 2619 longa
1291 2561 1576 2605 consuluisse
1600 2564 1695 2617 via,

196 2636 251 2678 of.
290 2635 419 2689 Prop.
462 2635 534 2677 IV.
575 2636 615 2686 2,
659 2637 859 2680 39—40:
892 2637 1016 2680 «Huc
1056 2639 1219 2681 melius
1258 2640 1472 2693 profugos
1512 2640 1689 2686 misisti.

195 2712 337 2763 Troia,
377 2712 592 2756 Penates!
619 2711 655 2755 Ο
681 2714 800 2768 quali
841 2718 967 2757 vecta
1007 2718 1075 2758 est
1114 2714 1322 2758 Dardana
1362 2716 1525 2770 puppis
1567 2730 1670 2757 ave»
1679 2731 1692 2766 3
