1942 3132
302 242 369 276 196
868 254 924 284 AD
944 255 993 284 11.
1019 254 1050 292 1,
1081 253 1221 283 1—10.

359 373 408 414 V.
443 373 567 414 1-4,
602 370 821 427 Quisquis
848 370 987 421 adest,
1015 370 1178 426 faveat,
1207 369 1417 420 Tibullus,
1447 370 1652 413 dominus
1679 371 1787 425 agri,

303 462 427 491 sacra
454 450 650 490 facturus
677 447 820 497 edicit,
847 450 898 488 ut
925 447 1152 489 silentium
1180 445 1238 487 sit
1259 447 1302 487 et
1327 447 1511 500 quisque
1527 449 1679 500 parcat
1694 460 1788 488 ver-

301 526 369 567 bis
395 526 511 567 male
539 525 774 574 ominatis;
803 525 1033 567 sollemnis
1051 524 1242 565 formula
1260 526 1377 566 erat:
1401 525 1568 566 «favete
1593 524 1783 578 linguis»

301 604 366 654 (ut
389 601 495 642 Hor.
526 599 668 643 Carm.
701 599 780 642 III.
823 601 858 650 1,
898 601 954 652 2),
986 599 1134 641 Graece
1160 597 1394 656 εὖφημεῐτ·.
1434 598 1496 642 Of.
1523 600 1641 641 infra
1666 600 1723 642 H.
1747 601 1787 649 2,

307 681 417 721 1—-2
435 695 443 720 :
473 679 707 720 «Dicamus
724 679 841 720 bona
857 678 1014 720 verba:
1033 677 1154 719 venit
1169 677 1340 718 Natalis
1358 677 1413 718 ad
1430 690 1552 719 aras:
1581 677 1790 731 Quisquis

304 756 420 806 ades,
450 756 616 809 lingua,
644 756 711 798 vir
747 755 1006 809 mulierque,
1037 756 1176 796 fave».
1205 779 1263 783 -—
1287 754 1440 809 fmqes
1473 753 1724 797 lustramus
1751 756 1792 797 et

304 844 454 889 aqros,
471 832 608 874 immo
624 832 758 874 etiam
772 834 968 885 agrestes
984 834 1025 872 et
1039 844 1192 884 greges
1209 845 1217 879 ;
1233 830 1284 871 cf.
1301 830 1418 871 infra
1430 843 1492 872 vs.
1510 831 1561 872 17
1575 846 1585 872 z
1609 844 1790 884 «purga-

302 924 401 952 mus
418 923 559 964 agros,
573 924 813 964 purgamus
829 912 1046 963 agrestes»
1072 911 1114 949 et
1129 921 1261 961 supra
1273 907 1306 949 Ι,
1328 909 1362 957 1,
1381 908 1432 949 21
1449 923 1458 950 :
1482 908 1646 949 «vitula
1658 907 1789 948 innu-

302 999 448 1027 meros
462 985 678 1028 lustrabat
694 999 806 1027 caesa
823 986 1072 1027 iuvencos».
1102 983 1439 1044 —5lustramus,
1470 983 1675 1036 religioso
1702 983 1791 1025 ritu

303 1062 433 1103 malis
449 1074 703 1115 purgamus.
723 1085 782 1090 —
798 1060 931 1104 Ritus
948 1062 999 1102 ut
1016 1073 1046 1102 a
1065 1060 1219 1114 prisco
1240 1058 1436 1103 traditus
1454 1060 1603 1102 exstat
1621 1071 1717 1108 avo,
1741 1061 1791 1100 ut

304 1138 460 1182 Gatull.
507 1140 601 1188 101,
643 1139 783 1181 7—8:
830 1138 997 1191 «prisco
1038 1151 1132 1192 quae
1173 1150 1295 1178 more
1335 1139 1571 1191 parentum
1612 1135 1789 1177 Tradita

304 1219 448 1259 sunt».
469 1241 524 1245 -—
540 1216 692 1271 prisco
711 1249 720 1258 .
739 1249 748 1258 .
769 1249 778 1257 .
808 1227 905 1266 avo,
933 1216 984 1256 cf.
1016 1214 1113 1256 adn.
1135 1227 1268 1266 supra
1295 1214 1349 1255 ad
1376 1214 1406 1255 L
1441 1215 1504 1263 10,
1538 1215 1616 1255 18:
1650 1215 1789 1255 «vete-

303 1292 363 1334 ris
403 1292 513 1334 avi».
542 1316 601 1321 ——
626 1290 889 1334 Bacche...
928 1289 1074 1339 Ceres,
1102 1292 1314 1331 vocantur
1351 1289 1424 1339 dii,
1464 1292 1513 1330 ut
1550 1292 1791 1344 praesentes

305 1368 452 1410 adsint
486 1370 631 1410 sacris.
666 1369 851 1410 Festum
889 1363 1138 1410 dedicatum
1177 1370 1269 1408 erat
1307 1367 1515 1408 omnibus
1559 1366 1790 1419 «agricolis

304 1446 542 1488 caelitibus»
575 1445 688 1497 (vide
715 1446 831 1487 infra
855 1459 917 1487 vs.
949 1446 1045 1496 36.)‚
1067 1444 1142 1485 sed
1167 1445 1251 1485 hoc
1275 1443 1373 1485 1000
1399 1443 1486 1484 duo
1511 1443 1693 1484 maximi
1718 1443 1788 1485 dei

304 1523 596 1564 nominantur
635 1522 778 1563 instar
818 1522 1045 1564 omnium:
1091 1521 1291 1562 Bacchus
1331 1521 1441 1570 uvis,
1485 1519 1616 1562 Ceres
1657 1520 1790 1574 spicis

306 1602 462 1640 ornata
489 1599 616 1649 adsit,
655 1602 883 1652 tamquam
920 1598 1081 1652 pignus
1120 1596 1351 1639 afferentes
1389 1597 1630 1639 fertilitatis
1667 1610 1790 1651 agro-

305 1689 415 1717 rum.
444 1700 502 1704 —
528 1674 763 1731 dulcisque
789 1675 879 1717 tuis
917 1687 939 1716 e
965 1673 1176 1717 cornibus
1215 1686 1306 1716 uva
1343 1672 1552 1723 Pendeat,
1592 1673 1791 1716 Bacchus

305 1755 463 1806 praeter
489 1752 700 1794 hederam
728 1752 862 1793 etiam
887 1762 995 1794 uvas
1021 1752 1069 1792 in
1107 1751 1251 1804 capite
1276 1751 1467 1804 gerebat,
1505 1754 1556 1792 ut
1582 1749 1658 1794 Ov.
1685 1750 1789 1793 Met.

304 1829 380 1870 III.
411 1830 525 1871 666:
559 1829 851 1870 «racemiferis
878 1829 1070 1869 frontem
1096 1827 1391 1869 circumdatus
1408 1828 1547 1869 uvis».
1573 1828 1791 1871 —corni-

308 1907 403 1955 bus,
432 1919 599 1948 cornua
621 1906 813 1947 habebat
828 1906 1028 1947 Bacchus
1044 1906 1093 1947 in
1109 1906 1264 1960 capite,
1283 1905 1400 1946 unde
1420 1905 1568 1948 Graece
1587 1907 1791 1961 βοόκερως

307 1984 350 2024 01
371 1985 629 2038 ταυρόκερως
645 1981 866 2036 (Sophocl.
886 1983 936 2023 fr.
958 1983 1055 2025 874.
1083 1981 1232 2034 Eurip.
1260 1981 1416 2022 Bacch.
1450 1983 1563 2034 100.)
1588 1982 1792 2023 nomina-

304 2062 402 2110 tur;
431 2061 481 2101 cf.
511 2059 637 2113 Prop.
666 2059 742 2101 ΠΙ.
777 2050 843 2108 17,
875 2061 1069 2102 19—020:
1103 2073 1204 2112 «per
1229 2061 1270 2100 te
1299 2061 1342 2099 01
1358 2061 1435 2100 tua
1452 2072 1616 2100 cornua
1632 2059 1789 2108 vivam,

307 2136 580 2191 Virtutisque
618 2140 718 2187 tuae,
760 2137 943 2186 Bacche,
987 2139 1118 2190 poeta
1156 2137 1311 2186 ferar»,
1352 2135 1426 2178 Ov.
1467 2135 1570 2177 Met.
1610 2135 1680 2177 IV.
1713 2138 1792 2180 19:

314 2212 430 2260 «tibi,
459 2226 559 2254 cum
587 2214 683 2255 sine
720 2212 927 2254 cornibus
959 2212 1120 2262 adstas,
1148 2212 1405 2265 Virgineum
1443 2214 1575 2265 caput
1601 2216 1707 2254 est».
1736 2237 1794 2243 -—-

307 2289 441 2344 spicis
469 2290 671 2343 tempora
695 2288 838 2343 cinye,
855 2290 906 2329 ut
922 2288 997 2331 Ov.
1025 2288 1143 2330 Fast.
1171 2287 1242 2329 IV.
1273 2288 1370 2330 616.
1390 2288 1442 2329 (10
1469 2287 1649 2330 Cerere:
1683 2288 1791 2330 «Im-

307 2365 543 2418 posuitque
571 2377 660 2406 suae
688 2364 837 2417 spicea
862 2366 979 2406 serta
1005 2377 1165 2406 comae»
1198 2366 1239 2404 et
1263 2363 1359 2405 Am.
1386 2363 1462 2405 III.
1497 2365 1561 2413 10,
1592 2365 1790 2406 35—36:

314 2441 449 2483 «Diva
474 2443 632 2494 potens
670 2442 846 2494 frugum
885 2442 1006 2484 silvis
1044 2441 1243 2483 cessabat
1277 2441 1326 2482 in
1364 2442 1490 2483 altis:
1528 2440 1793 2483 Deciderant

306 2517 450 2569 longae
477 2517 625 2570 spicea
652 2520 770 2558 serta
794 2531 971 2558 comae».

366 2593 415 2635 V.
445 2595 602 2635 5—10.
632 2592 754 2636 Luce
779 2607 927 2645 sacra,
951 2595 1021 2636 die
1039 2596 1150 2637 festo
1167 2595 1508 2638 Ambarvalium.
1537 2619 1595 2623 —-
1618 2594 1791 2650 requie-

309 2671 407 2712 scat
433 2668 609 2720 humus,
648 2669 902 2723 ‘requiescat
940 2674 1111 2722 arator,
1151 2674 1201 2712 ut
1233 2670 1307 2712 Ov.
1334 2671 1452 2713 Fast.
1480 2671 1512 2711 Ι.
1543 2671 1789 2713 667-668.

309 2743 361 2786 (10
401 2745 523 2786 feriis
562 2743 851 2788 Sementivis:
896 2746 1069 2796 «Vilice,
1110 2746 1166 2788 da
1203 2747 1398 2801 requiem
1435 2748 1558 2788 terrae
1597 2749 1792 2789 semente
