1942 3132
279 201 349 235 258
860 217 916 245 AD
937 218 984 246 11.
1008 216 1042 255 3,
1069 216 1084 246 1
1099 215 1185 245 —4.

278 332 441 386 praedio
468 334 656 385 (1—-10).
697 333 960 388 Exemplum
988 335 1103 375 >talis
1146 334 1310 375 amoris
1352 333 1478 375 affert
1517 334 1770 388 Apollinem

279 410 453 451 Admeti
492 423 644 464 greges
682 414 937 464 pascentem
964 412 1183 463 (11—32).
1211 411 1357 452 Aetati
1388 412 1593 466 mythioae
1621 414 1771 454 omnia

279 500 359 540 pro
387 500 534 528 amore
560 489 749 530 tolerare
785 491 948 542 paratae
989 489 1176 542 opponit
1215 489 1425 530 saeculum
1462 489 1653 531 ferreum
1692 503 1772 543 per

280 562 442 603 caedem
468 566 511 605 et
536 564 706 608 facinus
743 566 912 619 praedas
952 579 1152 619 quaerens
1179 567 1399 617 (33—46).
1426 566 1563 608 Poeta
1596 569 1638 608 et
1675 566 1770 620 ipse

279 640 475 681 avaritiae
503 640 664 683 servire
691 643 870 697 cogitur,
901 657 1001 684 eum
1026 644 1198 697 puellas
1224 643 1397 684 luxuria
1435 642 1624 696 gaudere
1652 655 1770 684 ama-

280 716 538 771 toribusque
587 717 816 760 vilissimis
866 722 1047 772 propter
1098 719 1275 760 divitias
1327 731 1372 760 se
1423 718 1579 761 dedere
1625 718 1774 760 videat

281 794 499 847 (47—60).
526 794 645 837 Diris
673 795 829 838 deinde
857 795 1041 838 devovet
1067 809 1195 849 agros
1221 796 1374 846 cultos,
1405 796 1480 849 qui
1514 785 1775 837 amoenitate

282 883 363 911 sua
399 872 595 924 puellam
633 872 687 913 ab
728 872 835 913 urbe
877 872 1155 913 abduxerunt
1181 872 1399 924 (61—66).
1427 871 1582 912 Pereat
1622 872 1772 925 potius

283 949 377 989 tota
419 948 702 1001 agricultura,
727 952 769 990 et
809 950 909 990 vitae
952 949 1236 1003 elegantioris
1281 949 1407 998 ratio,
1450 944 1583 991 modo
1626 949 1774 991 redeat

281 1025 426 1079 prisea
468 1025 737 1080 simplicitas,
782 1027 857 1067 ubi
900 1027 1104 1068 homines
1150 1026 1385 1079 glandibus
1429 1028 1472 1066 et
1512 1037 1625 1079 aqua
1670 1038 1773 1066 oon-

283 1101 395 1142 tenti
432 1102 481 1142 in
518 1102 707 1143 vallibus
745 1102 968 1144 umbrosis
1006 1103 1142 1144 libere
1186 1102 1448 1144 fruebantur
1486 1101 1660 1155 gaudiis
1691 1101 1773 1142 Ve-
1841 1135 1843 1138 Α

283 1177 403 1219 neris
450 1191 592 1232 neque
640 1178 844 1220 custodes
891 1182 967 1220 aut
1012 1179 1156 1220 ianuae
1199 1179 1358 1220 elausae
1387 1179 1514 1219 erant
1554 1178 1773 1229 (67—78).

283 1254 336 1295 In
374 1253 463 1296 fine
502 1254 617 1296 redit
653 1257 866 1309 primaria
904 1257 1148 1298 sententia:
1188 1259 1320 1310 poeta
1345 1256 1391 1297 in
1420 1269 1494 1296 rus
1522 1256 1639 1296 abire
1666 1255 1772 1304 vult,

283 1332 332 1369 ut
376 1329 425 1369 in
472 1342 576 1382 agro
624 1329 813 1371 dominae
859 1330 976 1372 inter
1022 1344 1171 1372 servos
1219 1344 1330 1385 opus
1381 1332 1594 1373 rusticum
1645 1332 1777 1373 faciat

281 1406 499 1458 (79—80).

341 1483 389 1524 V.
423 1484 547 1525 1—4.
576 1482 708 1525 Rura
732 1495 882 1525 meam
922 1486 1014 1533 ete„
1057 1483 1111 1524 ad
1147 1497 1232 1526 vss.
1272 1484 1396 1526 1—8.
1426 1485 1477 1526 of.
1517 1485 1775 1526 Philostrati

285 1559 645 1614 epistolographi,
670 1572 855 1613 poeseos
877 1559 1184 1602 Alexandrinae
1211 1562 1482 1615 peritissimi,
1510 1561 1590 1614 Ep.
1614 1561 1683 1603 59.
1710 1561 1773 1603 H:

283 1640 319 1678 τί
351 1633 419 1678 οὖν
453 1637 590 1693 μέλλω
623 1640 762 1686 ποιεῖν,
798 1635 869 1677 ἐὰν
902 1635 1101 1693 ἐξελάσῃς
1135 1637 1177 1685 ές
1225 1636 1360 1693 ἀγρόν,
1406 1637 1460 1685 ὡς
1506 1642 1660 1693 πέρυσι,
1705 1640 1776 1680 καὶ

283 1714 441 1755 πολλῶν
480 1710 641 1768 ἡμερῶν
685 1714 758 1758 τὰς
805 1710 845 1753 ἐν
891 1711 1005 1754 ἄστει
1049 1714 1257 1769 διατριβὰς
1301 1715 1555 1770 καταλίπῃς;
1599 1713 1777 1771 ἡγοῦμαι

286 1790 506 1847 ἀναγκαῖον
541 1796 682 1846 σαφῶς
717 1787 974 1832 ἀπολωλέναι
1018 1791 1144 1848 μηδὲν
1190 1791 1337 1848 ἔχοντα
1368 1790 1446 1849 ἡδὺ
1479 1795 1578 1848 μήτε
1613 1790 1775 1834 ἀκούειν

285 1873 386 1926 μήτε
420 1867 532 1924 ὁρᾶν.
563 1868 669 1921 Ἐγὼ
703 1869 774 1923 μὲν
800 1869 876 1922 γὰρ
904 1866 1084 1925 ἕψεσθαί
1110 1884 1175 1911 σοι
1200 1871 1348 1925 νομίζω
1374 1871 1444 1926 τὴν
1470 1869 1585 1911 πόλιν
1613 1867 1776 1924 ἐξιούσῃ

283 1950 355 1990 καὶ
387 1944 533 1996 αὐτοὺς
568 1948 608 1990 ἐν
641 1948 754 1991 ἄστει
785 1950 910 1995 θεοὺς
957 1945 1202 2002 ἑλκομένους
1236 1943 1308 1987 ὑπὸ
1353 1952 1425 2001 τῆς
1472 1947 1593 1993 θεᾶς.
1638 1944 1689 1988 Εἰ
1731 1945 1776 1987 δὲ

284 2023 467 2067 κάκεῖνοι
499 2027 603 2066 κατὰ
628 2028 768 2082 χώραν
797 2028 997 2081 μένουσιν,
1026 2022 1116 2064 ἀλλ’
1145 2021 1271 2076 ἔγωγε
1304 2019 1379 2064 οὐκ
1410 2021 1778 2079 ἀπολειφθήσομαι

285 2107 353 2143 τοῦ
401 2100 586 2156 ’Ἑρωτος
620 2101 823 2158 ἐφόλκιον,
858 2099 894 2142 εἰ
926 2101 971 2142 δὲ
1003 2102 1074 2142 καὶ
1107 2103 1294 2141 σκάπτειν
1339 2099 1437 2151 δέοι,
1480 2100 1664 2155 λήψομαι
1706 2101 1776 2155 τὴν

287 2178 491 2226 δίκελλαν,
531 2176 611 2219 εἴτε
655 2179 771 2227 κλᾶν,
817 2178 1063 2232 θεραπεύσω
1106 2178 1176 2224 τὰς
1223 2174 1445 2231 ἀμπέλους,
1490 2173 1570 2217 εἴτε
1616 2173 1776 2228 ἐπάγειν

286 2255 485 2309 λαχάνοις
519 2251 640 2309 ὕδωρ,
688 2252 918 2310 ὁδοποιήσω
963 2256 1027 2294 τὸν
1073 2253 1236 2309 δρόμον.
1282 2252 1408 2294 Unde
1451 2251 1691 2294 verisimile
1728 2250 1778 2292 fit

286 2330 603 2371 Philostratum
644 2334 686 2371 et
724 2331 947 2372 Tibullum
986 2344 1038 2371 ex
1075 2330 1301 2371 communi
1339 2330 1473 2378 fonte,
1514 2342 1564 2369 ex
1603 2328 1778 2382 seriptis

286 2409 520 2460 poetarum
564 2407 965 2449 Alexandrinorum
1012 2408 1227 2449 hausisse.
1267 2431 1325 2435 -—
1364 2407 1527 2460 tenent,
1572 2406 1598 2446 i.
1642 2419 1675 2447 e.
1715 2405 1778 2446 ibi

287 2484 457 2525 habitat
482 2484 643 2537 puella,
671 2487 720 2524 ut
746 2484 852 2525 Hor.
882 2483 1023 2526 Carm.
1052 2484 1083 2525 Ι.
1114 2485 1152 2533 7,
1186 2485 1380 2525 19-21ε
1411 2495 1514 2524 «seu
1538 2486 1580 2524 te
1607 2482 1776 2534 fulgen-

287 2562 351 2602 tia
377 2561 515 2613 signis
542 2560 694 2602 Castra
732 2564 887 2602 tenent
926 2575 1004 2602 seu
1043 2561 1180 2602 densa
1217 2560 1385 2601 tenebit
1411 2559 1584 2600 Tiburis
1622 2557 1778 2599 umbra

287 2638 394 2679 tui».
423 2662 481 2665 —
506 2635 640 2688 vilice,
679 2650 769 2678 non
803 2637 917 2678 villae
956 2636 1212 2690 magnificae,
1252 2636 1434 2677 luxuriae
1471 2634 1774 2684 inservientes,

289 2713 366 2755 sed
390 2714 506 2756 villae
533 2713 711 2766 proprio
739 2726 884 2761 sensu,
915 2714 940 2754 i.
972 2727 1006 2754 e.
1035 2713 1193 2755 domus
1233 2714 1352 2753 extra
1389 2711 1541 2752 urbem
1574 2711 1620 2750 in
1659 2723 1775 2764 agro,
