1942 3132
737 202 794 233 u>
812 203 862 232 11.
885 201 919 241 5,
945 200 1157 232 119—122.
1627 188 1699 223 295

203 373 218 380 ·
260 319 311 363 V.
355 321 600 364 119—122.
641 320 726 377 pia
769 318 843 364 clet
887 319 1164 376 spectacula,
1209 319 1372 361 amoris
1417 321 1608 375 paterni.
1640 346 1698 351 —

202 409 357 452 curm,
382 410 440 439 so.
468 397 743 452 triumphali.
769 421 828 426 —-
850 398 998 453 pater,
1022 397 1076 438 of.
1105 395 1183 439 Ov.
1208 396 1273 438 Ex
1310 397 1438 439 Pont,
1471 398 1528 440 H.
1558 400 1595 448 1,
1624 399 1696 441 59.

201 474 256 517 de
281 474 455 516 Tiberio
481 473 759 528 trimphum
784 473 1039 516 Germanici
1076 476 1352 528 spectatum:
1385 474 1697 530 «Maturosquo

201 554 330 606 pater
354 552 449 614 neti
477 551 694 607 spectabit
717 551 954 594 honores».
982 576 1040 579 —
1066 549 1260 594 Adnue:
1285 550 1351 594 sic
1388 551 1472 594 tibi
1499 552 1590 595 sint
1616 552 1695 595 in-

202 629 340 684 tonsi,
375 627 568 683 Phoebe,
605 627 778 685 capilli,
801 630 852 671 ut
876 628 1019 683 Apoll.
1053 628 1197 672 Rhod.
1224 627 1281 670 Π.
1310 629 1559 670 708-709.
1586 632 1699 683 (pre-

201 719 274 749 oes
301 706 356 748 ad
381 704 895 764 Apollinemh‘lkljaotc.
936 703 1021 750 αἰεί
1059 721 1122 748 τοι
1162 704 1265 753 ἄναξ
1305 704 1478 763 ἄτμητοι
1517 705 1695 762 ἔθειραι,

202 781 304 826 Αἰὲν
330 781 545 841 ἀδήλητοι·
569 785 648 831 τὼς
685 785 765 839 γὰρ
789 784 929 840 θέμις.
955 808 1013 812 -
1039 783 1105 826 sic
1143 784 1228 829 tibi
1266 785 1375 839 sint,
1411 786 1464 828 of.
1508 785 1608 828 adn.
1643 787 1699 828 ad

200 861 234 903 Ι.
262 862 303 911 4,
338 862 383 903 1:
418 861 505 903 «sie
541 860 775 903 umbrosa»
807 863 851 903 et
887 860 1023 916 Lygd.
1052 863 1091 912 6,
1123 863 1263 906 1—2:
1295 861 1516 906 «Candjde
1553 862 1699 912 Liber,

203 937 332 980 ades:
361 938 423 980 sic
450 939 508 981 sit
531 938 614 980 tibi
639 938 828 992 mystica
851 938 958 980 vitis
983 937 1179 994 Semper,
1206 940 1270 981 sio
1296 938 1461 982 hedera
1495 942 1703 994 tempora

203 1016 351 1058 vineta
389 1016 549 1058 feras».
576 1040 635 1044 —
657 1014 834 1058 intonsi
859 1050 868 1057 .
899 1049 908 1057 .
937 1015 1156 1077 ,papilla
1193 1017 1246 1059 ef.
1274 1016 1377 1058 adn.
1403 1015 1461 1058 ad
1485 1015 1519 1058 Ι.
1546 1017 1587 1066 4,
1617 1017 1698 1058 38:

209 1092 346 1134 «Nam
382 1082 511 1134 ‘decet
549 1092 757 1135 intonsus
798 1092 934 1135 crinis
974 1095 1212 1148 utrumque
1252 1092 1430 1135 deum».
1456 1118 1514 1121 —
1556 1105 1703 1146 soror,

201 1170 348 1213 Diana
371 1171 507 1225 virgo.
1597 1171 1602 1174 ’
