1942 3132
328 227 396 263 190
890 246 946 274 AD
967 246 998 274 1.
1022 244 1055 283 7,
1079 243 1246 274 43—48.

322 359 505 402 floribus
556 360 772 413 cingere».
816 386 873 390 ψ
915 362 1045 418 frons
1095 361 1312 405 ‘redimita
1363 362 1601 418 corymbis,
1650 364 1813 406 hedera

319 435 493 478 Baccho
536 450 683 486 sacra;
726 438 776 479 cf.
818 437 893 480 Ov.
935 438 1053 481 Fast.
1096 439 1174 480 ΙΙΙ.
1215 439 1476 482 767—770:
1521 440 1707 482 «hedera
1746 443 1814 483 est

320 513 574 565 gratissima
598 513 782 556 Baccho,
816 514 913 557 Hoc
952 529 1138 570 quoque,
1180 529 1256 557 cur
1283 516 1348 557 ita
1387 516 1455 566 sit,
1496 516 1639 559 dicere
1677 530 1813 571 parva

319 602 444 631 mora
483 592 574 632 est:
613 590 827 644 Nysiades
868 592 1088 646 nymphas
1130 605 1318 646 puerum
1361 596 1583 646 quaerente
1624 607 1813 636 noverca

318 665 447 708 Hanc
485 667 688 709 frondem
726 668 851 709 cunis
891 669 1151 722 opposuisse
1190 670 1381 718 ferunt»;
1421 669 1556 723 Lygd.
1598 671 1636 719 6,
1677 671 1716 712 2.
1757 669 1812 712 ad

317 741 567 785 Bacchum:
601 744 687 786 «sic
714 745 876 786 hedera
900 748 1103 799 tempora
1128 746 1275 787 vincta
1301 746 1440 787 feras»
1450 761 1460 796 ;
1488 745 1563 787 Ov.
1591 746 1709 788 Fast.
1737 747 1808 790 VI.

318 820 431 861 483:
477 820 681 869 «Bacche,
731 823 1013 864 racemiieros
1060 822 1222 863 hedera
1268 822 1470 864 redimite
1517 823 1724 876 capillos»
1768 825 1811 865 et

318 896 443 938 Trist.
472 897 504 938 Ι.
535 899 574 948 7,
604 899 655 940 2:
689 898 849 940 «Deme
875 900 987 940 meis
1014 899 1212 947 hederas,
1242 899 1456 941 Bacchica
1483 902 1608 950 serta,
1627 901 1807 942 comis».

318 972 524 1026 Corymbi
565 978 668 1016 sunt
708 976 869 1017 racemi
909 976 1079 1017 hederae
1114 976 1234 1017 bacis
1272 990 1451 1030 graves;
1485 978 1536 1018 cf.
1578 976 1701 1031 Prop.
1729 977 1807 1019 III.

323 1051 386 1099 17,
417 1051 483 1093 29.
514 1051 566 1092 de
592 1051 792 1094 Baccho:
827 1051 1049 1094 «Candida
1085 1053 1243 1094 laxatis
1284 1054 1466 1094 onerato
1498 1053 1614 1094 colla
1639 1066 1813 1106 corym-

318 1125 408 1167 bis»
442 1128 485 1167 et
511 1127 586 1169 Ov.
614 1128 732 1170 Fast.
760 1129 792 1170 Ι.
824 1130 933 1171 393:
967 1129 1122 1171 «Festa
1147 1129 1453 1183 corymbiferi.
1473 1163 1482 1171 .
1503 1163 1512 1171 .
1531 1129 1734 1171 Bacchi».
1750 1155 1809 1158 —

315 1201 439 1246 Fusa
478 1204 556 1247 scd
595 1204 656 1247 ad
694 1208 866 1248 teneros
916 1205 1036 1248 lutea
1082 1206 1211 1261 palla
1255 1205 1409 1261 pedes,
1449 1207 1632 1264 ποδήρης
1672 1206 1808 1249 vestis

313 1278 487 1322 Baccho
525 1282 744 1331 tribuitur,
786 1285 835 1324 ut
871 1283 999 1336 Prop.
1040 1283 1116 1324 ΠΙ.
1164 1284 1227 1328 17,
1264 1284 1344 1325 32:
1378 1283 1456 1324 «Et
1493 1283 1624 1325 ferias
1663 1284 1808 1326 nudos

314 1359 432 1398 veste
471 1357 635 1399 fluente
674 1359 850 1412 pedes».
878 1385 936 1387 —
964 1361 1137 1402 teneros
1165 1392 1174 1400 .
1203 1394 1211 1401 .
1242 1394 1249 1401 .
1273 1359 1429 1415 pedes,
1467 1361 1570 1413 quia
1606 1360 1807 1403 Bacchus
1871 1355 1874 1357 ’

314 1447 489 1487 semper
533 1435 706 1477 iuvenis
755 1439 821 1478 est
835 1451 846 1486 ;
885 1438 936 1478 ef.
978 1437 1077 1478 adn.
1127 1450 1261 1490 supra
1307 1437 1362 1477 ad
1398 1437 1431 1478 Ι.
1471 1438 1510 1486 4,
1553 1438 1634 1479 37:
1668 1437 1806 1480 «Solis

314 1515 479 1554 aeterna
506 1515 572 1554 est
596 1513 771 1555 Baccho
802 1514 1059 1568 Phoeboque
1099 1515 1326 1556 iuventas»
1360 1516 1403 1555 et
1427 1514 1544 1555 infra
1569 1515 1625 1556 ΙΙ.
1655 1516 1692 1565 3,
1723 1516 1804 1557 63;

319 1574 513 1631 «Bacche
538 1592 704 1632 tener».
722 1616 779 1618 —>
795 1591 916 1634 liezca
940 1591 1087 1645 palla,
1104 1592 1207 1645 quia
1224 1591 1350 1632 color
1374 1591 1520 1633 luteus
1548 1592 1647 1632 sive·
1664 1590 1805 1634 flavus

314 1667 530 1708 hilaritati
557 1668 776 1715 convenit,
805 1668 922 1709 unde
948 1667 1218 1721 Hymenaeus
1251 1667 1409 1709 Catull.
1440 1669 1505 1718 61,
1541 1669 1605 1709 10.
1633 1668 1805 1710 luteum

313 1757 501 1792 soccum,
531 1743 606 1785 Ov.
636 1743 739 1785 Met.
768 1744 820 1784 X.
854 1746 888 1786 1.
917 1758 1120 1786 croceum
1147 1745 1358 1786 amictum
1396 1744 1540 1786 habet.
1568 1769 1626 1772 —
1659 1743 1808 1799 Tyrioe

311 1822 470 1871 vestes,
495 1833 690 1873 purpura
717 1821 856 1874 Tyria,
886 1835 991 1862 nam
1019 1822 1152 1869 etiam
1178 1822 1258 1863 tali
1283 1824 1403 1863 veste
1429 1821 1628 1863 Bacchus
1654 1821 1804 1863 uteba-

310 1900 407 1946 tur;
436 1898 487 1938 cf.
517 1896 592 1938 Ov.
620 1897 724 1938 Met.
753 1898 830 1939 III.
860 1899 1107 1940 555—556.
1136 1899 1188 1940 de
1209 1899 1409 1940 Baccho:
1438 1898 1628 1940 «madidi
1653 1912 1804 1941 murra

310 1974 454 2015 crines
493 1975 738 2028 mollesque
785 1988 959 2016 coronae
1004 1975 1287 2030 Purpuraque
1330 1978 1373 2017 et
1411 1976 1542 2029 pictis
1586 1976 1803 2017 intextum

310 2051 505 2093 vestibus
533 2065 732 2093 aurum».
761 2077 818 2079 —
845 2051 974 2106 tibia,
1000 2052 1156 2094 tibiam
1193 2052 1239 2095 in
1278 2053 1400 2093 cultu
1424 2052 1585 2094 Bacchi
1612 2065 1800 2094 comme-

309 2131 488 2170 morant
514 2129 648 2170 etiam
675 2128 832 2170 Catull.
862 2130 930 2178 64,
960 2130 1058 2171 264.
1088 2132 1131 2170 et
1155 2129 1279 2182 Verg.
1309 2129 1414 2170 Aen.
1445 2129 1518 2171 XI.
1548 2129 1659 2171 737:
1692 2129 1803 2171 «Aut

309 2206 385 2246 ubi
431 2220 563 2247 curva
609 2206 767 2247 choros
814 2205 973 2247 indixit
1017 2205 1126 2247 tibia
1151 2206 1366 2247 Bacchi».
1395 2231 1453 2233 —
1480 2207 1632 2260 cantu,
1668 2219 1800 2255 voce;

309 2285 464 2323 cantus
503 2282 622 2323 enim
660 2285 841 2324 vocatur
876 2295 959 2324 vox
996 2283 1395 2324 instrumentorum
1431 2283 1714 2324 musicorum.
1742 2307 1801 2311 —

311 2359 418 2401 levis
444 2358 630 2400 occultis
658 2360 841 2401 conscia
867 2359 982 2401 cisia
1015 2359 1170 2408 sacris,
1201 2360 1247 2400 in
1271 2373 1358 2413 qua
1381 2362 1485 2401 sunt
1510 2373 1578 2401 res
1603 2361 1799 2412 mysticae

308 2435 354 2476 in
394 2435 528 2476 sacris
566 2435 728 2476 Bacchi
765 2438 932 2489 portari
970 2437 1136 2485 solitae3
1175 2438 1227 2477 cf.
1256 2436 1413 2478 Catull.
1443 2437 1511 2485 64,
1539 2437 1799 2478 258—259:

314 2512 442 2552 «Pars
484 2511 669 2553 obscura
710 2514 828 2554 cavis
871 2514 1150 2554 celebrabant
1189 2514 1312 2567 orgia
1349 2513 1483 2561 cistis,
1519 2511 1661 2566 Orgia,
1702 2526 1797 2566 quae

299 2575 473 2629 *frustra
498 2589 682 2641 cupiunt
709 2590 861 2630 audire
887 2591 1089 2643 profani»
1114 2593 1157 2631 et
1171 2589 1281 2631 Hor.
1297 2589 1438 2632 Garm.
1456 2589 1488 2631 Ι.
1515 2590 1578 2639 18,
1601 2590 1796 2631 11—13:

314 2679 430 2707 «non
457 2678 536 2719 ego
563 2668 617 2714 te,
654 2666 839 2707 candide
865 2666 1098 2716 Bassareu,
1126 2666 1322 2709 Invitum
1347 2667 1544 2720 quatiam
1565 2679 1646 2707 nec
1661 2667 1803 2708 variis·

310 2741 453 2783 obsita
479 2741 706 2783 frondibus
723 2742 765 2792 (i.
786 2756 820 2783 e.
843 2756 965 2783 sacra
990 2744 1178 2796 mystica
1204 2743 1250 2784 in
1276 2743 1387 2784 cista
1413 2742 1639 2784 frondibus
1665 2745 1797 2795 tecta)
