1942 3132
201 544 241 567 65

201 926 242 950 70

204 1309 243 1333 75

209 2534 247 2558 10

263 244 307 277 14

934 256 964 285 1.
988 252 1021 285 8.
1046 255 1080 284 9.

318 372 399 413 Vel
426 386 528 413 cum
553 372 786 426 promittit,
817 371 962 414 subito
990 372 1069 413 sed
1093 370 1260 425 perfida
1286 370 1414 420 fallit,

377 449 456 491 Est
482 448 594 489 mihi
621 462 708 490 nox
733 448 887 489 multis
915 448 1164 501 evigilanda
1190 447 1336 488 malis.

317 525 435 567 Dum
461 526 576 566 mihi
600 527 834 566 venturam
858 524 991 578 fingo,
1020 524 1326 578 quodcumque
1352 525 1568 571 movetur,

379 602 506 643 Illius
532 601 660 643 credo
687 604 793 642 tunc
821 601 1026 643 sonuisse
1052 600 1226 654 pedes.»

317 678 516 720 Desistas
543 679 788 727 lacrimare,
817 691 951 731 puer:
979 691 1071 718 non
1098 678 1316 730 frangitur
1341 676 1432 728 illa,

376 755 432 796 Et
457 757 536 796 tua
560 755 651 796 iam
677 753 786 796 fietu
810 755 984 795 lumina
1011 755 1128 796 fessa
1154 756 1339 795 tument.

318 831 528 881 Oderunt,
556 831 736 879 Pholoe,
764 844 938 880 moneo,
967 831 1148 872 fastidia
1175 829 1277 879 divi,

377 908 466 949 Nec
491 908 674 962 prodest
698 908 862 948 sanctis
889 910 990 948 tura
1015 906 1188 949 dedisse
1215 907 1337 948 focis.

317 984 403 1025 Hic
428 984 659 1026 Marathus
686 983 909 1037 quondam
936 984 1124 1025 miseros
1150 983 1331 1024 ludebat
1358 984 1571 1031 amantes,

379 1061 563 1102 Nescius
590 1061 783 1102 ultorem
809 1063 911 1113 post
937 1062 1069 1113 caput
1099 1073 1195 1102 esse
1221 1060 1378 1101 deum:

320 1137 445 1191 Saepe
473 1138 607 1179 etiam
632 1138 840 1178 lacrimas
867 1138 1007 1178 fertur
1033 1137 1184 1179 risisse
1213 1136 1404 1178 dolentis

380 1213 437 1255 Et
462 1213 671 1267 cupidum
697 1213 800 1255 ficta
826 1213 1072 1255 detinuisse
1098 1226 1248 1254 mora:

319 1291 447 1332 Nunc
474 1304 628 1332 omnes
657 1290 750 1332 odit
775 1292 931 1341 fastus,
960 1304 1080 1332 nunc
1107 1290 1313 1344 displicet
1336 1290 1417 1338 illi,

381 1367 678 1420 Quaecumque
707 1368 912 1420 opposita
940 1369 1007 1408 est
1033 1367 1169 1408 ianua
1196 1367 1305 1407 dura
1332 1380 1440 1408 sera.

320 1443 376 1484 At
402 1445 445 1484 te
470 1457 603 1497 poena
628 1446 792 1492 manet,
821 1445 868 1484 ni
896 1443 1062 1485 desinis
1090 1457 1186 1485 esse
1209 1443 1411 1496 superba.

382 1519 524 1571 Quam
552 1519 703 1572 cupies
729 1519 844 1561 votis
872 1520 990 1560 hunc
1018 1532 1222 1561 revocare
1250 1519 1392 1560 diem!
1431 1533 1433 1535 ’

964 1730 1040 1772 III.

321 1826 437 1878 Quid
462 1826 586 1874 mihi,
616 1826 653 1867 si
681 1826 826 1866 fueras
854 1826 1042 1867 miseros
1068 1826 1254 1868 laesurus
1283 1840 1467 1875 amores,

379 1902 563 1943 Foedera
589 1916 668 1955 per
693 1901 830 1950 divos,
861 1901 975 1942 clam
1000 1902 1222 1951 violanda,
1251 1902 1387 1943 dabas
1404 1904 1426 1943 ?

319 1979 357 2020 A
382 1979 531 2029 miser,
561 1980 604 2019 et
630 1979 667 2019 si
694 1979 792 2032 quis
818 1979 962 2031 primo
990 1979 1186 2031 periuria
1213 1979 1338 2028 celat,

380 2054 487 2097 Sera
511 2057 663 2095 tamen
689 2055 836 2095 tacitis
862 2054 998 2095 Poena
1023 2055 1147 2096 venit
1171 2055 1370 2108 pedibus.

321 2132 505 2181 Parcite,
535 2131 756 2173 caelestes:
785 2145 959 2185 aequum
988 2134 1054 2172 est
1078 2132 1262 2185 impune
1289 2132 1422 2173 licere

379 2208 572 2249 Numina
598 2208 805 2248 formosis
831 2207 988 2248 laedere
1015 2210 1160 2248 vestra
1188 2208 1337 2249 semel.

320 2284 464 2325 Lucra
489 2284 645 2337 petens
672 2283 811 2324 habili
836 2286 987 2324 tauros
1016 2282 1217 2335 adiungit
1243 2285 1388 2323 aratro
1466 2319 1468 2321 ,

380 2361 437 2401 Et
463 2359 621 2401 durum
648 2363 774 2400 terrae
801 2360 992 2400 rusticus
1018 2362 1147 2412 urget
1172 2372 1308 2412 opus;

322 2437 469 2478 Lucra
493 2436 711 2488 petituras
738 2436 850 2476 freta
874 2448 954 2488 per
977 2435 1182 2488 parentia
1206 2435 1352 2476 ventis

382 2512 561 2553 Ducunt
588 2511 819 2552 instabiles
848 2510 991 2552 sidera
1018 2514 1136 2552 certa
1162 2514 1305 2552 rates:

322 2589 584 2631 Muneribus
611 2602 736 2630 meus
765 2591 830 2629 est
856 2590 1010 2641 captus
1037 2602 1158 2641 puer.
1187 2588 1244 2629 At
1270 2588 1378 2630 deus
1403 2588 1483 2630 illa

382 2666 438 2707 In
464 2667 658 2707 cinerem
686 2668 729 2706 et
754 2665 945 2718 liquidas
972 2678 1157 2706 munera
1182 2667 1326 2706 vertat
1353 2677 1500 2718 aquas.

325 2744 420 2785 Iam
445 2743 558 2784 mihi
583 2742 804 2795 persolvet
830 2755 996 2795 poenas,
1024 2741 1258 2794 pulvisque
1285 2741 1486 2782 decorem

1675 1823 1708 1858 Ι.
1725 1823 1761 1860 9.
