1942 3132
770 210 827 240 u>
846 210 906 240 1v.
931 209 964 248 7,
990 208 1132 239 7—10.
1633 197 1706 233 219

196 330 376 388 vulgari
402 330 451 372 in
479 328 639 385 poesin
666 327 912 382 irrepsisse.
929 350 988 356 ——
1005 339 1147 385 quam
1171 339 1300 370 meus
1318 330 1435 377 aute,
1466 331 1707 383 antequam

198 420 329 450 meus
343 421 355 457 ;
381 406 434 448 cf.
461 405 590 460 Prop.
617 404 674 446 11.
702 403 903 446 25—26:
937 401 1164 458 «Septima
1190 416 1321 458 quam
1340 407 1506 446 metam
1533 405 1707 448 triverit

202 487 308 526 ante
329 485 471 526 rota».
497 505 556 512 —-
580 492 719 531 meus,
747 493 805 522 sc.
834 483 1036 530 amator;
1067 480 1120 522 cf.
1161 479 1263 523 adn.
1305 494 1441 535 supra
1480 482 1534 523 ad
1561 481 1631 524 IV.
1660 484 1701 533 9,

200 561 252 603 2:
285 562 438 602 «tuse».
464 583 523 588 ——
545 557 698 601 vultus
722 568 990 612 componere
1014 556 1169 613 famoe,
1195 556 1443 611 composito
1459 557 1588 599 vultu
1606 559 1699 600 cul-

197 649 304 691 pam
329 634 611 679 dissimulare
651 634 781 676 famae
807 647 953 676 causa.
982 658 1038 662 —
1067 645 1171 676 cum
1197 632 1337 691 diqno
1363 632 1510 691 diyna
1536 634 1698 690 fuisse,

196 727 278 767 per
303 712 659 768 euphemismum
684 710 971 752 concubitum
996 709 1147 764 ipsum
1174 709 1396 764 significat
1408 725 1420 760 ;
1447 712 1500 753 cf.
1542 710 1618 753 Ov.
1643 712 1692 753 A.

152 828 154 830 ,
197 790 246 832 A.
272 789 352 832 111.
370 775 632 832 663—664:
663 786 796 829 «Haec
810 800 1000 842 quoque,
1018 800 1114 841 quae
1130 787 1299 842 praebet
1312 787 1478 829 lectum
1496 788 1698 830 studiosa

196 866 444 921 luemque,
473 863 610 908 Crede
635 863 763 913 mihi,
790 876 967 906 mecum
1000 877 1096 906 non
1134 864 1274 906 semel
1299 863 1379 906 issa
1406 865 1514 906 fuit»
1536 878 1547 914 ;
1574 864 1700 907 Varr.

198 943 267 986 De
292 944 322 987 1.
347 943 378 986 l.
405 942 478 985 VI.
506 943 588 984 80:
633 940 854 983 «violavit
879 940 1100 995 virginem
1137 954 1219 995 pro
1259 942 1438 984 vitiavit
1483 942 1699 985 dicebant

198 1034 321 1076 aeque
348 1018 504 1062 eadem
530 1018 753 1061 modestia
778 1018 930 1072 potius
957 1030 1058 1059 cum
1075 1019 1264 1061 muliere
1287 1020 1425 1062 fuisse
1443 1033 1577 1074 quam
1599 1033 1704 1062 con-

197 1096 404 1139 cubuisse
426 1094 677 1137 dicebant».
