1942 3132
861 235 892 264 1.
916 233 951 264 8.

217 351 372 395 Carior
397 355 464 394 est
490 365 598 397 auro
623 353 811 398 iuvenis,
842 352 911 394 cui
939 352 1056 394 levia
1083 352 1257 406 fulgent

275 428 364 472 Ora
388 442 471 470 nec
498 430 728 484 amplexus
755 441 912 483 aspera
937 428 1075 470 barba
1099 428 1218 469 terit.

215 505 334 548 Huic
359 509 408 548 tu
436 506 678 550 candentes
703 519 859 548 umero
887 519 1091 561 suppone
1118 506 1321 555 lacertos,

275 582 332 625 Et
355 597 510 637 regum
536 596 711 638 magnae
736 583 1041 637 despiciantur
1067 597 1186 637 opes,

215 659 274 701 At
296 659 448 702 Venus
474 659 673 705 inveniet
697 672 837 714 puero
864 659 1161 702 concumbere
1189 660 1357 709 furtim,

275 735 392 778 Dum
420 740 564 780 tumet
589 741 632 780 et
658 740 837 780 teneros
863 739 1060 780 conserit
1083 752 1225 793 usque
1253 738 1391 787 sinus,

216 813 272 855 Et
297 814 403 856 dare
431 816 662 858 anhelanti
688 816 996 871 pugnantibus
1021 815 1176 857 umida
1201 816 1370 869 linguis

277 890 439 935 Oscula
465 896 510 935 et
533 893 582 936 in
607 893 723 935 collo
749 893 883 947 figere
910 893 1045 936 dente
1070 896 1218 935 notas.

217 968 318 1011 Non
341 970 457 1025 lapis
483 971 598 1013 hanc
623 984 898 1026 gemmaeque
923 972 1093 1019 iuvant,
1123 984 1219 1025 quae
1247 971 1408 1024 frigore
1438 970 1533 1012 sola

277 1047 481 1090 Dormiat
506 1051 550 1090 et
573 1048 687 1090 nulli
716 1049 775 1091 sit
800 1049 1022 1103 cupienda
1046 1049 1156 1091 viro.

217 1124 319 1166 Heu
345 1138 445 1167 sero
471 1129 706 1169 revocatur
732 1134 858 1168 amor
884 1139 1073 1180 seroque
1100 1127 1322 1170 iuventas.

277 1201 388 1244 Cum
413 1207 541 1246 vetus
565 1203 723 1246 infecit
748 1217 862 1246 cana
887 1207 1069 1247 senecta
1093 1206 1239 1259 caput.

216 1279 327 1322 Tum
355 1280 551 1324 studium
577 1282 731 1324 formae
759 1285 851 1324 est:
878 1295 1007 1325 coma
1032 1284 1130 1324 tum
1151 1283 1364 1331 mutatur,
1388 1283 1439 1322 ut
1463 1293 1605 1322 annos

276 1356 540 1402 Dissimulet
563 1359 696 1402 viridi
722 1360 884 1402 cortice
910 1360 1054 1401 tincta
1078 1360 1234 1402 nucis:

216 1433 390 1477 Tollere
416 1438 512 1479 tum
539 1450 645 1479 cura
671 1439 739 1480 est
765 1437 891 1479 albos
919 1451 945 1478 a
973 1437 1111 1491 stirpe
1137 1436 1325 1491 capillos

276 1512 333 1554 Et
359 1514 521 1556 faciem
546 1514 729 1569 dempta
751 1516 871 1570 pelle
897 1516 1062 1557 referre
1088 1528 1266 1558 novam.

158 1606 167 1608 ⁷
216 1589 274 1631 At
297 1592 359 1640 tu,
389 1591 494 1634 dum
520 1593 654 1646 primi
680 1592 811 1635 floret
837 1593 918 1635 tibi
945 1593 1162 1647 temporis
1189 1596 1308 1642 aetas,

277 1668 438 1711 Utere:
463 1683 556 1712 non
582 1670 712 1712 tardo
738 1670 908 1713 labitur
933 1671 1014 1712 illa
1040 1670 1166 1725 pede.

216 1744 314 1787 Neu
337 1745 596 1789 Marathum
623 1751 806 1802 torque:
833 1762 972 1802 puero
1001 1761 1096 1803 quae
1124 1748 1267 1801 gloria
1292 1747 1408 1788 victo
1437 1748 1536 1788 est?

203 1851 208 1854 -
277 1822 331 1863 In
354 1826 528 1866 veteres
555 1827 650 1866 esto
677 1824 804 1873 dura,
830 1825 993 1878 puella.
1023 1837 1167 1866 senes.

219 1897 353 1940 Parce
377 1913 534 1954 precor
558 1902 739 1943 tenero:
766 1914 860 1943 non
887 1901 955 1942 illi
983 1901 1155 1942 sontica
1182 1913 1317 1943 causa
1343 1904 1422 1949 est,

280 1975 366 2018 Sed
390 1977 560 2019 nimius
585 1978 681 2020 luto
709 1991 896 2032 corpora
920 1979 1054 2032 tingit
1080 1991 1217 2020 amor.

219 2053 300 2095 Vel
325 2054 463 2096 miser
489 2054 664 2096 absenti
690 2059 869 2097 maestas
896 2069 1030 2110 quam
1057 2069 1174 2110 saepe
1200 2055 1405 2110 querelas

279 2130 453 2174 Gonicit
480 2134 524 2173 et
547 2132 745 2175 lacrimis
771 2133 923 2175 omnia
949 2133 1084 2187 plena
1108 2134 1316 2175 madent!

226 2208 366 2261 «Quid
392 2223 462 2251 me
490 2211 721 2264 spernisPn
752 2211 828 2253 ait.
862 2211 1066 2253 «Poterat
1092 2212 1295 2253 custodia
1320 2211 1464 2254 vinci:

196 2307 201 2311 ·
277 2286 380 2341 Ipse
405 2286 527 2328 dedit
552 2287 727 2342 cupidis
753 2288 911 2330 fallere
939 2302 1070 2342 posse
1098 2288 1220 2330 deus.

219 2363 336 2407 Nota
359 2363 511 2407 Venus
539 2365 701 2407 furtiva
725 2366 840 2407 mihi
867 2369 945 2416 est,
973 2370 1025 2408 ut
1049 2366 1166 2408 lenis
1192 2368 1350 2420 agatur

281 2440 485 2496 Spiritus.
515 2446 563 2484 ut
589 2455 670 2484 nec
697 2442 804 2485 dent
830 2443 983 2486 oscula
1008 2448 1136 2498 rapta
1164 2457 1351 2486 sonum:

219 2518 277 2562 Et
299 2533 486 2575 possum
512 2519 661 2562 media
685 2522 888 2575 quamvis
915 2522 1127 2576 obrepere
1153 2525 1284 2564 nocte

278 2597 337 2640 Et
361 2599 548 2652 strepitu
576 2598 702 2640 nullo
729 2598 844 2641 clam
870 2613 1067 2642 reserare
1095 2600 1225 2642 fores.

221 2673 338 2728 Quid
361 2680 552 2730 prosunt
577 2679 708 2721 artes.
736 2676 951 2719 miserum
978 2678 1014 2719 si
1043 2678 1215 2731 spernit
1242 2682 1469 2719 amantem

279 2752 337 2795 Et
361 2754 476 2808 fugit
502 2766 552 2795 ex
579 2754 677 2807 ipso
704 2765 819 2797 saeva
843 2754 996 2808 puella
1018 2756 1150 2798 toro?

1622 221 1668 255 13

1699 682 1741 707 85

1699 1069 1741 1094 40

1697 1457 1738 1480 45

1699 1844 1741 1868 50

1699 2233 1740 2257 55

1698 2623 1740 2645 60
