1942 3132
301 234 371 270 210
858 251 914 280 AD
935 252 983 280 11.
1009 250 1041 288 1,
1066 250 1229 295 Jewse.

302 368 414 421 quia,
446 370 494 409 ut
520 380 652 421 supra
677 367 710 409 Ι.
744 369 776 418 1,
819 369 1005 410 71—72.
1046 369 1261 422 legimus:
1295 382 1399 411 «nec
1429 383 1576 412 amare
1604 370 1783 421 decebit,

299 442 454 484 Dicere
482 457 562 484 nec
589 422 698 485 cano
726 443 966 486 blanditias
994 445 1177 498 capite».
1207 470 1264 473 *——
1291 445 1529 488 custodes.
1555 479 1564 487 .
1589 479 1598 488 .
1629 447 1784 490 iacen-

301 523 374 571 tes,
405 521 479 575 qui
508 523 609 563 ante
637 522 752 564 fores
791 522 979 564 cubiculi
1017 523 1176 576 puellae
1203 523 1348 564 iacent
1387 525 1430 564 et
1455 522 1705 573 dormiunt;
1732 525 1782 565 cf.

299 597 376 639 Ov.
403 598 498 639 Am.
539 598 593 640 IL
636 599 732 641 0260.
774 598 827 640 de
865 599 1045 641 custode
1083 599 1268 653 puellae:
1314 599 1524 641 «thalami
1562 600 1636 654 qui
1674 601 1787 641 iacet

299 677 402 716 ante
429 676 586 717 fores».
615 700 674 704 ᾖ
701 674 774 718 Ad
799 675 1005 719 iuvenem
1045 676 1238 718 tenebris
1269 676 1371 719 sola
1405 676 1564 732 puella
1600 676 1734 728 venit,
1763 692 1785 719 e

298 752 500 794 cubiculo
525 766 605 805 per
631 753 791 794 atrium
819 755 862 794 et
886 753 1155 794 vestibulum
1180 752 1234 794 ad
1250 753 1431 795 ianuam
1448 753 1580 804 venit,
1599 756 1649 795 ut
1665 755 1784 795 iuve-

297 843 401 871 nem
428 829 489 870 ibi
517 830 844 882 exspectantem
868 830 1055 872 ,foribus
1081 830 1285 871 reseratis
1312 830 1497 884 recipiat
1512 846 1522 880 ;
1560 831 1610 872 cf.
1653 844 1785 885 supra

296 906 328 948 1.
359 908 396 956 9,
426 907 628 948 43—44:
674 904 822 960 «Saepe
860 907 1106 960 insperanti
1145 907 1268 948 venit
1305 907 1386 948 tibi
1424 921 1606 949 munere
1632 911 1783 950 nostro

295 983 351 1025 Et
377 983 509 1024 latuit
534 983 708 1025 clausas
747 985 849 1036 post
889 983 1099 1036 adoperta
1138 985 1278 1024 fores»
1313 986 1355 1025 et
1387 984 1485 1026 adn.
1516 985 1570 1026 ad
1595 985 1636 1027 h.
1666 985 1722 1035 1.;
1749 986 1780 1027 L

297 1062 334 1111 2,
370 1061 564 1103 18—20:
599 1063 788 1101 «reserat
814 1059 898 1102 fixo
926 1060 1056 1102 dente
1088 1061 1239 1114 puella
1264 1062 1405 1103 fores:
1432 1063 1517 1104 Illa
1542 1062 1670 1104 docet
1695 1064 1782 1104 fur-

294 1137 376 1179 tim
402 1137 529 1178 molli
556 1136 763 1191 derepere
801 1137 927 1187 lecto,
968 1138 1052 1179 Hla
1089 1137 1247 1191 pedem
1285 1139 1411 1180 nullo
1448 1153 1614 1193 ponere
1651 1153 1782 1193 posse

295 1226 430 1255 sono»
464 1217 508 1255 et
528 1213 631 1255 ibid.
664 1215 863 1256 31—32:
896 1218 1086 1256 «reseret
1111 1216 1241 1257 modo
1268 1214 1396 1257 Delia
1417 1219 1568 1269 postes
1585 1217 1641 1258 Et
1656 1219 1783 1258 vocet

294 1290 350 1332 ad
387 1290 514 1344 digiti
552 1304 622 1332 me
661 1292 884 1333 taciturna
922 1306 1123 1334 sonum».
1152 1318 1209 1320 —
1236 1292 1442 1342 tenebris,
1485 1293 1581 1334 sine
1613 1307 1781 1348 praepo-

294 1368 481 1417 sitione3
520 1368 571 1409 cf.
613 1367 715 1409 adn.
745 1381 878 1421 supra
905 1368 960 1409 ad
992 1369 1025 1409 Ι.
1067 1370 1105 1418 2,
1145 1370 1226 1411 25:
1268 1369 1484 1411 «tenebris
1522 1363 1616 1411 tota
1647 1383 1782 1423 vagor

294 1445 450 1486 anxius
488 1445 639 1487 urbe».
679 1469 735 1472 -κ
779 1443 836 1487 Et
869 1444 1065 1499 pedibus
1097 1448 1388 1501 praetemptat
1431 1446 1516 1489 iter
1556 1459 1781 1502 suspensa

291 1521 464 1571 timore,
494 1523 543 1562 ut
570 1521 646 1563 Ov.
674 1521 792 1562 Fast.
823 1522 856 1563 I.
883 1523 1145 1564 425——4262
1184 1521 1357 1576 «Surgit
1383 1537 1537 1565 amans
1564 1524 1779 1566 animam-

291 1613 375 1652 que
398 1601 556 1640 tenens
582 1599 771 1652 vestigia
798 1599 952 1640 furtim
993 1598 1218 1653 Suspenso
1253 1599 1403 1653 digitis
1442 1601 1524 1641 fert
1561 1601 1781 1641 taciturna

290 1676 470 1730 gradu».
499 1700 556 1704 —-
575 1677 866 1731 praetemptat
898 1675 994 1726 iter,
1023 1679 1073 1718 ut
1111 1675 1184 1718 Ov.
1225 1676 1287 1718 Ib.
1329 1678 1440 1719 260:
1474 1677 1780 1731 «Praetemptes

290 1753 446 1795 baculo
485 1753 670 1794 luminis
706 1753 838 1794 orbus
871 1753 995 1795 iter».
1024 1778 1082 1781 —
1107 1765 1336 1809 suspensa,
1378 1754 1505 1795 anxia
1521 1769 1531 1803 ;
1573 1755 1624 1796 cf.
1665 1754 1775 1797 Plin.

289 1830 369 1885 Ep.
398 1830 469 1872 VI.
509 1831 549 1880 4,
592 1832 642 1872 3:
689 1833 778 1871 «est
820 1843 1086 1884 suspensum
1129 1834 1171 1871 et
1209 1831 1429 1872 anxium».
1469 1856 1527 1859 -›—
1554 1830 1780 1886 Explorat

290 1921 433 1951 coecas
476 1907 548 1950 cui
586 1919 752 1950 manus
787 1909 892 1949 ante
928 1907 1043 1958 vias,
1082 1909 1131 1948 ut
1169 1907 1243 1949 Ov.
1281 1907 1384 1950 Met.
1426 1907 1477 1950 X.
1513 1909 1777 1951 455—456:

296 1985 598 2038 «Nutricisque
623 1997 807 2026 manum
838 1985 948 2026 laeva
988 1987 1122 2034 tenet,
1164 1985 1302 2026 altera
1338 1987 1464 2027 motu
1497 1984 1670 2027 Gaecum
1695 1987 1777 2027 iter

290 2062 510 2116 explorat»
560 2063 604 2103 et
640 2061 961 2115 Pseudo-Verg.
1001 2061 1156 2103 Moret.
1198 2063 1250 2104 6:
1294 2061 1603 2116 «Sollicitaque
1641 2076 1778 2104 manu

287 2139 493 2181 tenebras
522 2139 761 2194 explorat».

347 2216 395 2257 V.
427 2217 615 2258 79—82.
636 2215 853 2271 placidus
879 2216 1038 2259 leniter
1062 2215 1206 2272 adflat
1231 2215 1389 2270 Amor,
1408 2217 1651 2259 secundum
1671 2230 1775 2259 ven-

287 2296 383 2334 tum
411 2294 454 2333 et
480 2293 656 2334 facilem
688 2307 866 2335 cursum
903 2294 1095 2346 praebet3
1137 2295 1343 2348 frequens
1383 2297 1449 2335 est
1486 2294 1649 2336 amoris
1675 2307 1775 2336 cum

287 2369 571 2422 navigatione
600 2371 885 2423 comparatio,
911 2373 960 2411 ut
985 2371 1102 2411 infra
1134 2371 1187 2412 II.
1219 2372 1256 2420 3,
1288 2372 1368 2413 71:
1402 2371 1584 2424 «quibus
1608 2371 1773 2424 aspira-

287 2446 363 2488 bat
379 2447 555 2495 Amor»,
573 2446 714 2487 ubicf.
737 2447 865 2496 adn.;
893 2447 1019 2501 Prop.
1048 2448 1102 2488 II.
1129 2449 1191 2497 102,
1214 2449 1354 2489 7—8:
1388 2446 1588 2488 «Scilicet
1603 2447 1774 2487 alterna

287 2523 499 2576 quoniam
524 2523 740 2564 iactamur
766 2525 814 2564 in
839 2524 960 2565 unda
985 2526 1058 2576 (sc.
1087 2537 1169 2565 nos
1189 2526 1404 2575 amantes)
1420 2524 1663 2577 Nostraque
1681 2536 1773 2564 non

286 2599 391 2640 ullis
417 2603 648 2653 permanet
684 2614 791 2641 aura
816 2601 950 2642 locis»
982 2603 1026 2642 et
1051 2601 1152 2643 ibid.
1195 2603 1262 2651 25,
1292 2603 1376 2643 27:
1421 2600 1679 2642 «Mendaces
1704 2601 1771 2642 lu-

286 2676 400 2718 dunt
423 2675 555 2718 flatus
583 2676 630 2717 in
653 2689 802 2717 amore
830 2678 1034 2718 secundi»
1056 2693 1065 2727 3
1094 2677 1169 2719 Ov.
1194 2678 1318 2719 Rem.
1350 2679 1544 2720 13-—142
1577 2676 1648 2718 «Si
1674 2678 1770 2730 quis

287 2755 419 2803 amat,
448 2753 562 2807 quod
590 2766 737 2794 amare
780 2754 911 2804 iuvat,
947 2755 1133 2796 feliciter
1158 2754 1317 2796 ardens
1346 2753 1544 2796 Gaudeat
1571 2755 1614 2794 et
1637 2756 1769 2795 vento
