1942 3132
682 274 691 285 .
740 257 798 286 u>
818 255 848 286 1.
872 232 908 295 s,
930 254 1101 287 39—46.
1634 241 1681 280 87

164 372 307 418 Graeci
344 373 688 431 καταγλώττισμα
722 376 886 416 vocant
898 386 911 422 ς
936 373 1087 414 locum
1125 372 1331 415 imitatur
1368 373 1445 416 Ov.
1474 375 1572 417 Am.
1600 375 1680 418 m.

87 449 91 453 ’
165 451 203 499 7,
233 452 287 494 9:
319 449 596 505 «Osculaque
634 449 826 492 inseruit
850 448 1010 504 cupide
1053 449 1272 491 luctantia
1313 449 1537 504 linguis»;
1578 463 1682 493 ean-

162 528 266 571 dem
306 541 402 570 rem
441 527 589 582 tangit
625 526 702 570 Ov.
750 527 847 569 Am.
895 527 974 569 IH.
1029 527 1096 577 14,
1146 529 1228 570 223:
1277 527 1399 570 «Illic
1445 529 1682 582 purpureis

163 604 383 648 condatur
428 604 583 658 lingua
619 603 821 646 labellis»
867 605 910 646 et
949 603 1055 645 ibid.
1099 603 1155 645 II.
1202 605 1242 654 8,
1286 605 1492 647 57—58:
1541 604 1683 658 «quod

162 685 258 723 tota
285 681 460 723 labellis
489 681 666 734 Lingua
682 682 761 722 tua
777 682 846 722 est
870 681 1053 728 nostris,
1082 683 1236 722 nostra
1264 681 1443 735 recepta
1470 681 1603 722 tuis».
1623 705 1682 708 —-

154 758 481 816 pugnantibus
509 791 520 801 .
547 792 557 800 .
586 791 596 800 .
628 757 817 815 linquis,
844 757 930 799 abl.
959 758 1052 800 abs.
1081 783 1140 786 ——
1166 758 1218 802 in
1242 758 1360 802 collo
1387 760 1525 816 fiyere
1552 757 1682 801 dente

162 838 315 888 notas,
356 840 405 877 ut
445 835 565 877 infra
604 834 638 876 L
683 835 723 884 6,
771 835 971 876 13-14:
1017 835 1142 889 «quis
1182 835 1299 878 livor
1340 834 1494 885 abiret,
1539 835 1680 887 Quem

163 912 270 953 facit
294 911 515 965 impresso
551 913 710 953 mutua
741 910 875 953 dente
899 910 1096 954 Venus».
1126 911 1189 954 Cf.
1232 911 1309 954 Ov.
1337 912 1434 953 Am.
1463 911 1498 953 Ι.
1528 912 1568 962 7,
1597 911 1681 953 41:

168 989 248 1031 «Et
285 989 401 1032 collo
427 988 582 1032 blandi
618 988 768 1030 dentis
805 989 973 1031 habere
1011 992 1226 1039 notam»;
1266 989 1397 1044 Prop.
1423 989 1496 1030 IV.
1527 990 1568 1040 6,
1596 989 1680 1031 65:

169 1067 478 1121 «Imponitque
515 1069 673 1109 notam
704 1067 821 1109 collo
866 1080 1110 1121 morsuque
1158 1070 1387 1108 cruentat»
1435 1069 1481 1107 et
1521 1065 1594 1108 IV.
1639 1066 1679 1115 3,

162 1144 367 1186 25—026:
399 1143 633 1186 «dentibus
658 1144 754 1186 ulla
779 1145 933 1198 puella
958 1144 1046 1193 Det
1069 1145 1183 1186 mihi
1221 1143 1467 1198 plorandas
1499 1156 1578 1197 per
1603 1144 1683 1184 tua

160 1221 277 1262 colla
308 1224 480 1264 notas».

219 1296 269 1338 V.
301 1298 490 1340 39—42.
517 1295 624 1341 Non
652 1299 773 1354 lapis
801 1298 919 1343 hane
944 1311 1244 1356 yemmaeque
1268 1298 1445 1349 iuvant,
1470 1297 1557 1340 hoc
1582 1297 1681 1338 loco

161 1372 283 1429 lapis
306 1388 400 1416 non
427 1374 651 1429 significat
676 1376 850 1431 lapides
875 1378 1101 1431 pretiosos
1126 1401 1187 1406 ——
1212 1389 1321 1419 nam
1347 1376 1433 1418 hoc
1470 1385 1679 1432 yemmae

160 1451 416 1507 significant
431 1477 490 1481 —
508 1453 587 1496 sed
612 1454 893 1508 margaritas,
923 1455 1086 1510 quibus
1112 1454 1326 1496 mulieres
1354 1467 1486 1496 aures
1503 1456 1548 1494 et
1564 1452 1681 1494 colla

160 1527 408 1578 ornabant;
435 1529 490 1571 cf.
516 1529 715 1572 Martial.
744 1530 820 1573 XI.
850 1533 935 1574 50:
970 1531 1121 1573 «Nunc
1159 1531 1309 1585 plorat
1336 1530 1518 1585 speculo
1544 1529 1681 1572 fallax

159 1605 325 1648 ancilla
363 1606 533 1656 relicto,
564 1606 755 1650 Gemma
780 1609 852 1651 vel
878 1623 904 1651 a
930 1609 1070 1665 digito
1102 1610 1175 1652 vel
1198 1609 1319 1651 cadit
1357 1623 1464 1652 aure
1505 1609 1678 1663 lapis»;

158 1681 268 1724 Hor.
307 1681 453 1725 Carm.
493 1683 574 1726 ΠΙ.
616 1685 687 1734 24,
727 1686 813 1728 48:
852 1684 1092 1729 «Gemmas
1131 1690 1174 1729 et
1212 1685 1443 1741 lapides»;
1482 1684 1676 1727 Macrob.

159 1757 338 1802 Saturn.
379 1760 460 1802 III.
493 1762 558 1811 17,
599 1763 678 1804 17:
711 1762 853 1804 «Eum
890 1764 1140 1815 (unionem)
1177 1766 1353 1806 mature
1392 1762 1677 1810 dissolutum,

158 1835 224 1876 uti
257 1838 422 1878 natura
448 1840 517 1879 est
543 1838 639 1880 eius
668 1839 857 1894 lapidis,
876 1839 1107 1882 absorbuit
1132 1840 1446 1894 (Cleopatra)».
1473 1864 1532 1868 —
1558 1850 1676 1894 quae

156 1912 331 1970 frigore
369 1915 474 1958 sola
512 1913 732 1970 dormiat,
769 1916 824 1959 de
862 1930 968 1967 anu,
1009 1931 1107 1971 quae
1135 1917 1233 1959 sola
1265 1917 1400 1959 cubat
1436 1917 1589 1971 itaque
1627 1916 1676 1957 in

156 1990 272 2033 lecto
300 1991 461 2045 frigido
487 1992 682 2042 dormit;
709 1993 860 2035 locum
887 1994 1092 2036 imitatur
1116 1994 1193 2036 Ov.
1222 1995 1272 2036 A.
1292 1995 1342 2036 A.
1361 1994 1442 2036 III.
1472 1994 1677 2036 69——702

164 2068 381 2123 «Tempus
408 2069 504 2119 erit,
533 2082 621 2124 quo
646 2073 709 2121 tu,
739 2083 836 2124 quse
863 2083 985 2113 nunc
1012 2071 1210 2114 excludis
1249 2074 1467 2120 amantes,
1494 2070 1675 2125 Frigida

156 2144 334 2209 deserta
358 2149 490 2188 nocte
516 2146 684 2189 iacebis
709 2160 867 2189 anus».
895 2172 954 2176 —
981 2147 1138 2204 infecit
1164 2161 1287 2192 cana
1317 2151 1499 2193 senecta
1524 2151 1672 2204 capul,

156 2223 260 2265 albo
298 2223 448 2265 colore
487 2224 634 2274 tinxit,
660 2227 713 2266 ut
738 2225 857 2267 infra
881 2226 937 2267 IL
968 2227 1010 2279 2,
1042 2228 1242 2269 19—20:
1275 2226 1408 2268 «dum
1440 2226 1569 2269 tarda
1606 2239 1672 2268 se·

156 2304 315 2343 nectus
340 2299 530 2342 Inducat
555 2314 688 2355 rugas
725 2301 984 2358 inficiatque
1018 2316 1213 2346 comas».
1243 2303 1306 2346 Cf.
1335 2303 1413 2347 Ov.
1442 2303 1570 2346 Trist.
1598 2303 1671 2345 IV.

156 2379 195 2428 8,
226 2379 279 2421 2:
313 2377 484 2420 «inficit
510 2380 554 2420 et
580 2379 733 2431 nigras
758 2379 862 2422 alba
887 2384 1067 2423 senecta
1092 2394 1287 2424 comas».

215 2455 265 2498 V.
293 2456 484 2498 43—46.
514 2453 653 2497 viridi
680 2456 841 2500 cortice
875 2457 1018 2501 titha
1054 2459 1199 2511 nucis,
1229 2459 1366 2502 etiam
1391 2459 1504 2500 Plin.
1533 2458 1583 2500 N.
1612 2457 1668 2499 H.

155 2531 247 2574 XV.
277 2534 347 2575 22.
388 2534 735 2576 commemorat:
767 2532 1044 2588 «Tinguntur
1080 2537 1244 2578 cortice
1283 2549 1436 2578 earum
1473 2535 1588 2578 lanae
1628 2537 1673 2576 et

155 2611 330 2653 rufatur
354 2610 546 2665 capillus
572 2611 768 2664 primum
794 2611 1122 2666 prodeuntibus
1154 2615 1375 2657 nuculis».
1404 2639 1463 2643 —
1496 2612 1671 2656 Tollere

154 2689 252 2730 tum
294 2700 408 2730 eura
450 2689 515 2730 est
558 2687 692 2730 albos
734 2701 763 2731 a
804 2689 948 2747 stirpe
988 2691 1200 2748 capillos,
1239 2705 1420 2734 versum
1467 2692 1671 2733 imitatur

154 2763 282 2819 Prop.
309 2765 389 2807 ΙΙΙ,
419 2767 488 2813 25,
523 2767 601 2807 13:
634 2764 832 2809 «Vellere
857 2769 955 2810 tum
981 2769 1136 2823 cupias
1162 2770 1289 2812 albos
1315 2782 1343 2812 a
1369 2770 1506 2823 stirpe
1533 2765 1668 2819 capil-
