1942 3132
259 215 305 248 7⁶2
837 229 893 257 An
913 229 944 258 1.
966 227 1000 267 4,
1025 227 1192 258 27—1—32.

259 344 426 385 falsum
437 345 583 385 iurare
596 344 791 386 solebrat
802 345 1025 399 Iuppiter:
1042 347 1242 400 exemplo
1261 359 1382 387 nunc
1399 347 1517 388 favet
1533 345 1610 388 ille
1629 359 1734 389 suo»
1756 364 1764 397 ;

257 420 379 462 idem
406 419 600 462 affirmat
627 421 680 462 de
712 421 884 464 Venere
923 422 999 465 Ov.
1034 422 1131 464 Am.
1171 423 1203 463 I.
1247 424 1286 473 8,
1327 423 1530 465 85—86:
1575 423 1699 474 «Nec,
1730 424 1767 465 si

258 511 393 551 quem
411 497 552 546 falles,
573 499 623 538 tu
638 498 867 551 periurare
884 499 1040 540 timeto
1059 515 1067 540 :
1087 498 1352 540 Commodat
1367 499 1416 540 in
1435 499 1561 541 lusus
1578 498 1768 542 numina

258 573 394 615 surda
420 574 596 616 Venus»
619 589 629 623 ;
655 577 814 615 contra
838 574 965 629 Prop.
1005 575 1061 616 Π.
1096 576 1161 624 16,
1203 576 1406 617 47--482
1453 575 1564 617 «Nec
1591 589 1768 629 semper

256 649 460 704 placidus
487 650 691 704 periuros
724 649 839 691 ridet
865 654 1069 693 amantes
1101 652 1304 704 Iuppiter
1329 653 1373 692 et
1400 651 1534 693 surda
1571 652 1766 705 neglegit

259 739 367 767 aure
381 739 576 779 preces».
590 751 648 756 —-
661 726 836 782 cupide,
852 727 1094 781 cupiditate
1113 728 1334 781 abreptus.
1349 753 1404 756 —
1421 728 1601 783 ineptus
1618 740 1763 780 amor,

257 804 336 858 qui
363 804 498 845 stulte
521 804 651 853 iurat,
681 818 777 859 quae
803 805 1041 858 postmodo
1068 806 1195 846 irrita
1222 806 1339 847 facta
1365 806 1485 847 velit.
1512 830 1569 834 —
1592 804 1766 861 Perque

255 892 368 923 suas
395 880 583 936 impune
609 880 722 923 sinit
746 879 981 936 Dictynna
1022 882 1228 938 sagittas,
1258 883 1463 923 solebant
1490 882 1664 936 antiqui
1687 896 1767 936 per

256 970 383 999 arma
410 957 593 999 deorum
621 958 793 1007 iurare3
835 960 887 1000 cf.
917 958 1007 1000 Iuv.
1039 957 1127 1001 Sat.
1162 960 1228 1010 13,
1271 958 1471 1000 78—83:
1517 958 1624 999 «Per
1649 957 1766 1000 Solis

256 1033 408 1075 radios
431 1033 706 1088 Tarpeiaque
730 1035 923 1076 fulmina
945 1035 1064 1076 iurat
1085 1035 1142 1076 Et
1157 1034 1315 1076 Martis
1334 1036 1562 1083 frameam,
1583 1034 1765 1076 Cirrhaei

256 1110 431 1164 spicula
455 1111 583 1160 vatis,
621 1111 705 1152 Per
729 1112 927 1153 calamos
953 1112 1194 1154 venatricis
1232 1112 1578 1166 pharetramque
1604 1111 1765 1165 puellae

255 1186 429 1240 Perque
467 1189 607 1236 tuum,
649 1189 778 1240 pater
814 1188 960 1240 Aegaei
999 1187 1220 1240 Neptune,
1258 1188 1510 1238 tridentem,
1551 1188 1685 1229 Addit
1723 1191 1766 1228 et

254 1262 505 1305 Herculeos
534 1276 660 1304 arcus
688 1263 954 1316 hastamque
981 1263 1208 1312 Minervae,
1229 1263 1454 1318 Quidquid
1470 1265 1637 1306 habent
1653 1264 1764 1306 telo-

255 1354 356 1382 rum
391 1341 740 1381 armamentaria
774 1341 911 1382 caeli».
942 1365 1000 1369 —-
1027 1339 1273 1396 Dictynna,
1315 1354 1563 1394 cognomen
1595 1340 1762 1389 Dianae,

253 1420 306 1458 ut
334 1416 410 1458 Ov.
439 1416 545 1458 Met.
575 1416 631 1457 II.
661 1418 761 1457 441.
791 1440 848 1444 —
876 1418 1023 1459 crines
1044 1430 1218 1473 perque
1248 1416 1457 1459 Minerva
1483 1429 1608 1470 suos,
1633 1417 1764 1458 crini-

254 1494 340 1536 bus
366 1495 558 1535 maxime
596 1493 881 1547 superbiebat
918 1494 1120 1536 Minerva
1138 1510 1147 1545 ;
1187 1495 1239 1535 cf.
1271 1493 1388 1536 Serv.
1419 1494 1474 1535 ad
1499 1494 1626 1548 Verg.
1654 1494 1761 1535 Aen.

253 1571 327 1613 VI.
359 1573 472 1613 289:
518 1571 729 1620 «Medusa
770 1574 915 1613 erecta
953 1573 1103 1613 favore
1142 1572 1339 1626 Neptuni
1380 1585 1488 1613 ausa
1527 1573 1594 1613 est
1620 1571 1763 1612 crines

254 1660 362 1688 suos
386 1647 599 1689 Minervae
626 1648 803 1701 capillis
829 1649 1060 1702 praeferre:
1090 1661 1177 1701 qua
1194 1661 1241 1688 re
1259 1647 1494 1700 indignata
1512 1647 1594 1688 dea
1620 1647 1764 1688 crines

254 1725 354 1767 eius
381 1726 428 1765 in
457 1727 686 1779 serpentes
712 1726 887 1767 vertit».

315 1801 364 1842 V.
396 1802 583 1843 27—32.
616 1801 805 1844 transiet
831 1803 943 1844 oetas
978 1813 1120 1856 quam
1147 1801 1246 1850 cito,
1277 1801 1361 1842 hoc
1387 1801 1485 1842 loco
1521 1801 1632 1841 aetas
1661 1802 1763 1839 aeta-
1840 1841 1842 1843 ,

252 1880 347 1920 tem
375 1878 618 1919 iuvenilem
647 1878 880 1931 significat,
909 1881 960 1920 ut
983 1878 1155 1932 passim
1183 1877 1301 1932 apud
1341 1878 1576 1930 scriptores
1602 1875 1763 1918 Roma-

254 1968 352 2004 nos,
383 1969 418 1996 e.
448 1969 486 2010 g.
515 1955 622 1996 Hor.
651 1955 730 2009 Ep.
759 1956 792 1996 I.
823 1957 892 2004 ΞΟ,
927 1956 1009 1997 1οε
1059 1954 1222 1997 «Carus
1250 1954 1336 1996 eris
1362 1954 1526 2003 Romae,
1557 1953 1696 1994 donec
1721 1956 1763 1994 te

253 2031 434 2073 deserat
455 2033 605 2072 aetas».
635 2056 694 2060 ——
720 2043 813 2074 non
838 2032 988 2087 seyme
1014 2033 1107 2074 stat
1131 2033 1394 2086 remeatque
1420 2029 1527 2081 dies,
1556 2043 1650 2071 non
1676 2032 1764 2071 stat

254 2108 408 2162 segnis
435 2122 593 2161 neque,
634 2108 671 2150 si
697 2108 925 2162 praeteriit,
953 2107 1067 2150 redit
1095 2108 1214 2158 dies3
1254 2108 1305 2149 cf.
1346 2107 1453 2148 Hor.
1498 2106 1640 2150 Carm.
1681 2106 1760 2147 III.

256 2185 330 2234 28,
360 2186 411 2225 ὃς
446 2185 608 2226 «veluti
637 2187 723 2226 stet
743 2185 939 2226 volucris
962 2183 1081 2226 dies»
1106 2187 1149 2226 et
1167 2184 1243 2227 Ov.
1271 2185 1319 2225 A.
1339 2184 1388 2225 A.
1408 2183 1485 2225 ΙΙΙ.
1517 2184 1601 2225 64:
1635 2183 1760 2230 «Nec,

253 2275 353 2314 quae
375 2262 602 2314 praeteriit,
629 2262 740 2303 hora
762 2261 904 2303 redire
930 2264 1122 2316 potest».
1151 2260 1365 2317 Non-que
1389 2274 1469 2314 pro
1484 2254 1758 2315 *non-neque,

254 2340 306 2377 ut
333 2339 453 2378 oze-et
479 2350 560 2390 pro
584 2350 771 2380 'ne-neve
793 2338 911 2379 infra
925 2338 958 2379 I.
980 2339 1020 2388 6,
1043 2338 1243 2379 19—920:
1276 2337 1525 2390 «digitoque
1542 2336 1761 2389 liquorem

255 2411 326 2455 Ne
352 2414 502 2454 trahat
540 2416 578 2455 et
613 2429 779 2457 mensae
820 2415 953 2456 ducat
978 2416 1027 2456 in
1067 2414 1169 2455 orbe
1210 2417 1384 2455 notas».
1411 2436 1470 2442 -—
1500 2411 1651 2464 Quam
1675 2411 1760 2454 cito

247 2499 511 2545 purpureos
537 2489 742 2545 deperdit
765 2493 889 2534 terra
915 2492 1103 2544 coloreS,
1131 2490 1282 2542 Quam
1308 2490 1394 2532 cito
1420 2489 1646 2545 formosas
1673 2500 1758 2542 po-

249 2565 397 2621 pulus
425 2565 535 2607 alba
562 2577 728 2616 comas,
743 2570 875 2619 poeta
903 2569 1006 2608 ante
1034 2567 1188 2608 oculos
1214 2566 1425 2608 habuisse
1440 2564 1616 2606 videtur
1630 2562 1757 2616 Verg.

256 2641 348 2682 Ecl.
378 2642 419 2692 9,
457 2642 660 2682 40—42:
708 2642 815 2683 «Hic
847 2656 924 2684 ver
948 2656 1237 2696 purpureum,
1277 2642 1424 2684 varios
1462 2641 1534 2681 hic
1570 2639 1761 2680 flumina

256 2718 425 2759 circum
461 2716 629 2758 Fundit
669 2717 834 2758 humus
868 2718 1013 2768 fiores,
1055 2719 1127 2760 hic
1166 2718 1355 2760 candida
1393 2716 1586 2770 populus
1630 2719 1757 2757 antro
