<?xml version="1.0" encoding="UTF-8"?>
<!DOCTYPE html PUBLIC "-//W3C//DTD XHTML 1.0 Transitional//EN"
    "http://www.w3.org/TR/xhtml1/DTD/xhtml1-transitional.dtd">
<html xmlns="http://www.w3.org/1999/xhtml" xml:lang="en" lang="en">
 <head>
  <title>
</title>
<meta http-equiv="Content-Type" content="text/html;charset=utf-8" />
  <meta name='ocr-system' content='tesseract 3.04.00' />
  <meta name='ocr-capabilities' content='ocr_page ocr_carea ocr_par ocr_line ocrx_word'/>
</head>
<body>
  <div class='ocr_page' id='page_1' title='image "./carminaaccedunts00tibuuoft_0343.png"; bbox 0 0 1942 3132; ppageno 0'>
   <div class='ocr_carea' id='block_1_1' title="bbox 834 205 1718 249">
    <p class='ocr_par' dir='ltr' id='par_1_1' title="bbox 834 205 1718 249">
     <span class='ocr_line' id='line_1_1' title="bbox 834 205 1718 249; baseline -0.002 0"><span class='ocrx_word' id='word_1_1' title='bbox 834 218 1051 249; x_wconf 72' lang='lat' dir='ltr'><strong>uxcunsus</strong></span> <span class='ocrx_word' id='word_1_2' title='bbox 1070 218 1111 248; x_wconf 87' lang='lat' dir='ltr'><strong>x.</strong></span> <span class='ocrx_word' id='word_1_3' title='bbox 1649 205 1718 242; x_wconf 84' lang='grc'><strong>339</strong></span> 
     </span>
    </p>
   </div>
   <div class='ocr_carea' id='block_1_2' title="bbox 199 336 1715 458">
    <p class='ocr_par' dir='ltr' id='par_1_2' title="bbox 199 336 1715 458">
     <span class='ocr_line' id='line_1_2' title="bbox 199 336 1715 395; baseline -0.001 -14"><span class='ocrx_word' id='word_1_4' title='bbox 199 338 440 395; x_wconf 87' lang='lat' dir='ltr'><strong>·Propertii</strong></span> <span class='ocrx_word' id='word_1_5' title='bbox 466 338 628 381; x_wconf 87' lang='lat' dir='ltr'><strong>librum</strong></span> <span class='ocrx_word' id='word_1_6' title='bbox 654 351 692 380; x_wconf 91' lang='lat' dir='ltr'><strong>a.</strong></span> <span class='ocrx_word' id='word_1_7' title='bbox 720 338 811 380; x_wconf 88' lang='lat' dir='ltr'><strong>fere</strong></span> <span class='ocrx_word' id='word_1_8' title='bbox 838 338 906 380; x_wconf 71' lang='lat'><strong>25.</strong></span> <span class='ocrx_word' id='word_1_9' title='bbox 934 336 1102 379; x_wconf 90' lang='lat' dir='ltr'><strong>editum</strong></span> <span class='ocrx_word' id='word_1_10' title='bbox 1136 337 1323 391; x_wconf 85' lang='lat' dir='ltr'><strong>scriptas</strong></span> <span class='ocrx_word' id='word_1_11' title='bbox 1361 351 1458 380; x_wconf 91' lang='lat' dir='ltr'><strong>esse</strong></span> <span class='ocrx_word' id='word_1_12' title='bbox 1497 351 1631 391; x_wconf 85' lang='lat' dir='ltr'><strong>supra</strong></span> <span class='ocrx_word' id='word_1_13' title='bbox 1667 338 1715 379; x_wconf 89' lang='lat' dir='ltr'><strong>iu</strong></span> 
     </span>
     <span class='ocr_line' id='line_1_3' title="bbox 222 414 831 458; baseline -0.005 0"><span class='ocrx_word' id='word_1_14' title='bbox 222 415 419 458; x_wconf 81' lang='lat' dir='ltr'><strong>Excursu</strong></span> <span class='ocrx_word' id='word_1_15' title='bbox 443 414 574 458; x_wconf 72' lang='lat' dir='ltr'>VIIL&#39;</span> <span class='ocrx_word' id='word_1_16' title='bbox 587 414 831 457; x_wconf 78' lang='lat' dir='ltr'><strong>docuimus,</strong></span> 
     </span>
    </p>
   </div>
   <div class='ocr_carea' id='block_1_3' title="bbox 648 655 1293 706">
    <p class='ocr_par' dir='ltr' id='par_1_3' title="bbox 648 655 1293 706">
     <span class='ocr_line' id='line_1_4' title="bbox 648 655 1293 706; baseline 0 -10"><span class='ocrx_word' id='word_1_17' title='bbox 648 656 702 696; x_wconf 81' lang='lat' dir='ltr'><strong>X.</strong></span> <span class='ocrx_word' id='word_1_18' title='bbox 730 656 793 696; x_wconf 89' lang='lat' dir='ltr'><strong>De</strong></span> <span class='ocrx_word' id='word_1_19' title='bbox 822 657 852 696; x_wconf 91' lang='lat'><strong>1.</strong></span> <span class='ocrx_word' id='word_1_20' title='bbox 880 656 950 696; x_wconf 83' lang='lat' dir='ltr'><strong>IV.</strong></span> <span class='ocrx_word' id='word_1_21' title='bbox 980 655 1092 706; x_wconf 84' lang='lat' dir='ltr'><strong>eleg.</strong></span> <span class='ocrx_word' id='word_1_22' title='bbox 1123 658 1293 696; x_wconf 75' lang='lat'><strong>13-14.</strong></span> 
     </span>
    </p>
   </div>
   <div class='ocr_carea' id='block_1_4' title="bbox 217 798 1717 1550">
    <p class='ocr_par' dir='ltr' id='par_1_4' title="bbox 222 798 1717 1088">
     <span class='ocr_line' id='line_1_5' title="bbox 282 798 1717 855; baseline 0.001 -12"><span class='ocrx_word' id='word_1_23' title='bbox 282 799 492 843; x_wconf 80' lang='lat' dir='ltr'><strong>Carmina</strong></span> <span class='ocrx_word' id='word_1_24' title='bbox 517 801 564 842; x_wconf 86' lang='lat' dir='ltr'><strong>in</strong></span> <span class='ocrx_word' id='word_1_25' title='bbox 590 800 778 842; x_wconf 80' lang='lat' dir='ltr'><strong>amicam</strong></span> <span class='ocrx_word' id='word_1_26' title='bbox 804 799 1131 841; x_wconf 84' lang='lat' dir='ltr'><strong>innominatam</strong></span> <span class='ocrx_word' id='word_1_27' title='bbox 1165 798 1341 853; x_wconf 74' lang='lat' dir='ltr'>scripsit</span> <span class='ocrx_word' id='word_1_28' title='bbox 1377 799 1579 842; x_wconf 83' lang='lat' dir='ltr'>Tibullus</span> <span class='ocrx_word' id='word_1_29' title='bbox 1616 805 1717 855; x_wconf 87' lang='lat' dir='ltr'><strong>post</strong></span> 
     </span>
     <span class='ocr_line' id='line_1_6' title="bbox 223 877 1713 932; baseline 0.001 -12"><span class='ocrx_word' id='word_1_30' title='bbox 223 878 467 920; x_wconf 84' lang='lat' dir='ltr'><strong>secundum</strong></span> <span class='ocrx_word' id='word_1_31' title='bbox 483 877 702 932; x_wconf 81' lang='lat' dir='ltr'>Propertii</span> <span class='ocrx_word' id='word_1_32' title='bbox 717 877 881 919; x_wconf 88' lang='lat' dir='ltr'><strong>librum</strong></span> <span class='ocrx_word' id='word_1_33' title='bbox 899 890 936 919; x_wconf 82' lang='lat' dir='ltr'><strong>a.</strong></span> <span class='ocrx_word' id='word_1_34' title='bbox 956 878 1045 919; x_wconf 86' lang='lat' dir='ltr'><strong>fere</strong></span> <span class='ocrx_word' id='word_1_35' title='bbox 1065 878 1132 919; x_wconf 68' lang='lat'><strong>25.</strong></span> <span class='ocrx_word' id='word_1_36' title='bbox 1153 877 1321 919; x_wconf 88' lang='lat' dir='ltr'><strong>editum</strong></span> <span class='ocrx_word' id='word_1_37' title='bbox 1338 893 1347 927; x_wconf 89' lang='lat'>;</span> <span class='ocrx_word' id='word_1_38' title='bbox 1371 891 1475 919; x_wconf 90' lang='lat' dir='ltr'><strong>nam</strong></span> <span class='ocrx_word' id='word_1_39' title='bbox 1494 879 1564 920; x_wconf 78' lang='lat' dir='ltr'><strong>IV.</strong></span> <span class='ocrx_word' id='word_1_40' title='bbox 1591 881 1653 927; x_wconf 85' lang='lat'><strong>13,</strong></span> <span class='ocrx_word' id='word_1_41' title='bbox 1675 884 1713 923; x_wconf 78' lang='grc'><strong>8.</strong></span> 
     </span>
     <span class='ocr_line' id='line_1_7' title="bbox 222 938 1714 1011; baseline 0 -13"><span class='ocrx_word' id='word_1_42' title='bbox 222 957 376 1011; x_wconf 92' lang='lat' dir='ltr'><strong>procul</strong></span> <span class='ocrx_word' id='word_1_43' title='bbox 402 956 536 998; x_wconf 92' lang='lat' dir='ltr'><strong>dubio</strong></span> <span class='ocrx_word' id='word_1_44' title='bbox 562 955 763 998; x_wconf 74' lang='lat' dir='ltr'><strong>imitatur</strong></span> <span class='ocrx_word' id='word_1_45' title='bbox 793 955 920 1009; x_wconf 88' lang='lat' dir='ltr'><strong>Prop.</strong></span> <span class='ocrx_word' id='word_1_46' title='bbox 962 938 1015 996; x_wconf 52' lang='grc' dir='ltr'><strong>ΙΙ.</strong></span> <span class='ocrx_word' id='word_1_47' title='bbox 1059 956 1128 1003; x_wconf 73' lang='lat'><strong>⁶25,</strong></span> <span class='ocrx_word' id='word_1_48' title='bbox 1170 956 1372 1004; x_wconf 69' lang='lat'>29—-30.‚</span> <span class='ocrx_word' id='word_1_49' title='bbox 1411 958 1462 997; x_wconf 90' lang='lat' dir='ltr'><strong>ut</strong></span> <span class='ocrx_word' id='word_1_50' title='bbox 1499 969 1631 1009; x_wconf 84' lang='lat' dir='ltr'><strong>supra</strong></span> <span class='ocrx_word' id='word_1_51' title='bbox 1668 957 1714 998; x_wconf 87' lang='lat' dir='ltr'><strong>in</strong></span> 
     </span>
     <span class='ocr_line' id='line_1_8' title="bbox 222 1032 950 1088; baseline 0 -13"><span class='ocrx_word' id='word_1_52' title='bbox 222 1033 326 1075; x_wconf 85' lang='lat' dir='ltr'><strong>adn.</strong></span> <span class='ocrx_word' id='word_1_53' title='bbox 352 1047 470 1088; x_wconf 84' lang='lat' dir='ltr'><strong>exeg.</strong></span> <span class='ocrx_word' id='word_1_54' title='bbox 497 1033 554 1076; x_wconf 89' lang='lat' dir='ltr'><strong>ad</strong></span> <span class='ocrx_word' id='word_1_55' title='bbox 580 1033 624 1076; x_wconf 85' lang='lat' dir='ltr'><strong>h.</strong></span> <span class='ocrx_word' id='word_1_56' title='bbox 651 1033 678 1075; x_wconf 93' lang='lat' dir='ltr'><strong>l.</strong></span> <span class='ocrx_word' id='word_1_57' title='bbox 707 1032 950 1075; x_wconf 78' lang='lat' dir='ltr'><strong>docuimus,</strong></span> 
     </span>
    </p>

    <p class='ocr_par' dir='ltr' id='par_1_5' title="bbox 220 1109 1715 1393">
     <span class='ocr_line' id='line_1_9' title="bbox 280 1109 1713 1164; baseline 0.001 -12"><span class='ocrx_word' id='word_1_58' title='bbox 280 1110 407 1152; x_wconf 85' lang='lat' dir='ltr'><strong>Hanc</strong></span> <span class='ocrx_word' id='word_1_59' title='bbox 430 1109 627 1164; x_wconf 84' lang='lat' dir='ltr'><strong>puellam</strong></span> <span class='ocrx_word' id='word_1_60' title='bbox 647 1110 814 1152; x_wconf 85' lang='lat' dir='ltr'><strong>amavit</strong></span> <span class='ocrx_word' id='word_1_61' title='bbox 835 1109 1036 1151; x_wconf 81' lang='lat' dir='ltr'><strong>Tibullus</strong></span> <span class='ocrx_word' id='word_1_62' title='bbox 1055 1113 1160 1164; x_wconf 86' lang='lat' dir='ltr'><strong>post</strong></span> <span class='ocrx_word' id='word_1_63' title='bbox 1180 1109 1354 1152; x_wconf 82' lang='lat' dir='ltr'><strong>Deliam</strong></span> <span class='ocrx_word' id='word_1_64' title='bbox 1377 1113 1421 1152; x_wconf 88' lang='lat' dir='ltr'><strong>et</strong></span> <span class='ocrx_word' id='word_1_65' title='bbox 1437 1113 1540 1152; x_wconf 82' lang='lat' dir='ltr'><strong>ante</strong></span> <span class='ocrx_word' id='word_1_66' title='bbox 1558 1111 1713 1153; x_wconf 79' lang='lat' dir='ltr'><strong>Neme-</strong></span> 
     </span>
     <span class='ocr_line' id='line_1_10' title="bbox 223 1186 1715 1237; baseline -0.001 -7"><span class='ocrx_word' id='word_1_67' title='bbox 223 1189 332 1237; x_wconf 83' lang='lat' dir='ltr'><strong>sim;</strong></span> <span class='ocrx_word' id='word_1_68' title='bbox 360 1201 464 1229; x_wconf 89' lang='lat' dir='ltr'><strong>nam</strong></span> <span class='ocrx_word' id='word_1_69' title='bbox 491 1186 716 1228; x_wconf 86' lang='lat' dir='ltr'><strong>Nemesim</strong></span> <span class='ocrx_word' id='word_1_70' title='bbox 741 1187 950 1228; x_wconf 85' lang='lat' dir='ltr'><strong>ultimum</strong></span> <span class='ocrx_word' id='word_1_71' title='bbox 978 1199 1175 1228; x_wconf 82' lang='lat' dir='ltr'><strong>amorem</strong></span> <span class='ocrx_word' id='word_1_72' title='bbox 1213 1186 1376 1228; x_wconf 82' lang='lat' dir='ltr'><strong>Tibulli</strong></span> <span class='ocrx_word' id='word_1_73' title='bbox 1416 1187 1551 1228; x_wconf 85' lang='lat' dir='ltr'><strong>fuisse</strong></span> <span class='ocrx_word' id='word_1_74' title='bbox 1588 1187 1715 1229; x_wconf 90' lang='lat' dir='ltr'><strong>doce-</strong></span> 
     </span>
     <span class='ocr_line' id='line_1_11' title="bbox 223 1261 1712 1318; baseline 0 -12"><span class='ocrx_word' id='word_1_75' title='bbox 223 1278 321 1306; x_wconf 91' lang='lat' dir='ltr'><strong>mur</strong></span> <span class='ocrx_word' id='word_1_76' title='bbox 361 1263 559 1318; x_wconf 89' lang='lat' dir='ltr'><strong>epicedio</strong></span> <span class='ocrx_word' id='word_1_77' title='bbox 601 1262 765 1304; x_wconf 85' lang='lat' dir='ltr'><strong>Tibulli</strong></span> <span class='ocrx_word' id='word_1_78' title='bbox 805 1261 1049 1312; x_wconf 63' lang='lat' dir='ltr'><strong>Ovidianm</strong></span> <span class='ocrx_word' id='word_1_79' title='bbox 1092 1264 1144 1304; x_wconf 84' lang='lat' dir='ltr'><strong>cf.</strong></span> <span class='ocrx_word' id='word_1_80' title='bbox 1189 1262 1265 1305; x_wconf 90' lang='lat' dir='ltr'><strong>Ov.</strong></span> <span class='ocrx_word' id='word_1_81' title='bbox 1308 1264 1404 1305; x_wconf 88' lang='lat' dir='ltr'><strong>Am.</strong></span> <span class='ocrx_word' id='word_1_82' title='bbox 1445 1264 1522 1305; x_wconf 92' lang='grc' dir='ltr'><strong>ΠΙ.</strong></span> <span class='ocrx_word' id='word_1_83' title='bbox 1564 1266 1602 1309; x_wconf 89' lang='grc'><strong>9,</strong></span> <span class='ocrx_word' id='word_1_84' title='bbox 1644 1267 1712 1307; x_wconf 77' lang='grc'><strong>58.</strong></span> 
     </span>
     <span class='ocr_line' id='line_1_12' title="bbox 220 1338 1613 1393; baseline -0.003 -10"><span class='ocrx_word' id='word_1_85' title='bbox 220 1341 435 1393; x_wconf 83' lang='lat' dir='ltr'><strong>(Nemesis</strong></span> <span class='ocrx_word' id='word_1_86' title='bbox 460 1340 513 1382; x_wconf 89' lang='lat' dir='ltr'><strong>de</strong></span> <span class='ocrx_word' id='word_1_87' title='bbox 541 1343 628 1393; x_wconf 88' lang='lat' dir='ltr'><strong>se):</strong></span> <span class='ocrx_word' id='word_1_88' title='bbox 661 1338 757 1381; x_wconf 80' lang='lat' dir='ltr'><strong>«Me</strong></span> <span class='ocrx_word' id='word_1_89' title='bbox 783 1340 930 1381; x_wconf 81' lang='lat' dir='ltr'><strong>tenuit</strong></span> <span class='ocrx_word' id='word_1_90' title='bbox 954 1340 1153 1382; x_wconf 89' lang='lat' dir='ltr'><strong>moriens</strong></span> <span class='ocrx_word' id='word_1_91' title='bbox 1179 1339 1409 1383; x_wconf 83' lang='lat' dir='ltr'><strong>deficiente</strong></span> <span class='ocrx_word' id='word_1_92' title='bbox 1437 1354 1613 1382; x_wconf 78' lang='lat' dir='ltr'><strong>manu.»</strong></span> 
     </span>
    </p>

    <p class='ocr_par' dir='ltr' id='par_1_6' title="bbox 217 1417 1713 1550">
     <span class='ocr_line' id='line_1_13' title="bbox 277 1417 1713 1472; baseline -0.001 -12"><span class='ocrx_word' id='word_1_93' title='bbox 277 1419 384 1460; x_wconf 89' lang='lat' dir='ltr'><strong>Haec</strong></span> <span class='ocrx_word' id='word_1_94' title='bbox 409 1418 495 1460; x_wconf 89' lang='lat' dir='ltr'><strong>fuit</strong></span> <span class='ocrx_word' id='word_1_95' title='bbox 519 1418 707 1460; x_wconf 87' lang='lat' dir='ltr'><strong>fortasse</strong></span> <span class='ocrx_word' id='word_1_96' title='bbox 734 1417 922 1472; x_wconf 82' lang='lat' dir='ltr'><strong>Glycera</strong></span> <span class='ocrx_word' id='word_1_97' title='bbox 946 1418 1037 1467; x_wconf 87' lang='lat' dir='ltr'><strong>illa,</strong></span> <span class='ocrx_word' id='word_1_98' title='bbox 1077 1418 1131 1460; x_wconf 88' lang='lat' dir='ltr'><strong>de</strong></span> <span class='ocrx_word' id='word_1_99' title='bbox 1169 1431 1256 1472; x_wconf 82' lang='lat' dir='ltr'><strong>qua</strong></span> <span class='ocrx_word' id='word_1_100' title='bbox 1294 1418 1517 1459; x_wconf 88' lang='lat' dir='ltr'><strong>Tibullum</strong></span> <span class='ocrx_word' id='word_1_101' title='bbox 1551 1418 1713 1471; x_wconf 75' lang='lat' dir='ltr'><strong>elegias</strong></span> 
     </span>
     <span class='ocr_line' id='line_1_14' title="bbox 217 1493 1305 1550; baseline -0.002 -12"><span class='ocrx_word' id='word_1_102' title='bbox 217 1496 447 1550; x_wconf 85' lang='lat' dir='ltr'><strong>scripsisse</strong></span> <span class='ocrx_word' id='word_1_103' title='bbox 470 1495 579 1538; x_wconf 91' lang='lat' dir='ltr'><strong>Hor.</strong></span> <span class='ocrx_word' id='word_1_104' title='bbox 607 1493 749 1538; x_wconf 88' lang='lat' dir='ltr'><strong>Carm.</strong></span> <span class='ocrx_word' id='word_1_105' title='bbox 776 1495 810 1537; x_wconf 88' lang='lat' dir='ltr'>L</span> <span class='ocrx_word' id='word_1_106' title='bbox 840 1496 908 1541; x_wconf 85' lang='lat'><strong>33,</strong></span> <span class='ocrx_word' id='word_1_107' title='bbox 940 1495 1065 1537; x_wconf 75' lang='lat'><strong>1—4.</strong></span> <span class='ocrx_word' id='word_1_108' title='bbox 1094 1497 1305 1537; x_wconf 85' lang='lat' dir='ltr'><strong>testatur:</strong></span> 
     </span>
    </p>
   </div>
   <div class='ocr_carea' id='block_1_5' title="bbox 479 1616 1302 1737">
    <p class='ocr_par' dir='ltr' id='par_1_7' title="bbox 479 1616 1302 1737">
     <span class='ocr_line' id='line_1_15' title="bbox 479 1616 1302 1667; baseline 0 -11"><span class='ocrx_word' id='word_1_109' title='bbox 479 1617 583 1664; x_wconf 88' lang='lat' dir='ltr'><strong>Albi,</strong></span> <span class='ocrx_word' id='word_1_110' title='bbox 612 1630 665 1655; x_wconf 91' lang='lat' dir='ltr'><strong>ne</strong></span> <span class='ocrx_word' id='word_1_111' title='bbox 694 1616 832 1656; x_wconf 85' lang='lat' dir='ltr'><strong>doleas</strong></span> <span class='ocrx_word' id='word_1_112' title='bbox 860 1620 951 1667; x_wconf 87' lang='lat' dir='ltr'><strong>plus</strong></span> <span class='ocrx_word' id='word_1_113' title='bbox 981 1619 1112 1656; x_wconf 89' lang='lat' dir='ltr'><strong>nimio</strong></span> <span class='ocrx_word' id='word_1_114' title='bbox 1143 1631 1302 1657; x_wconf 88' lang='lat' dir='ltr'><strong>memor</strong></span> 
     </span>
     <span class='ocr_line' id='line_1_16' title="bbox 479 1687 1279 1737; baseline 0 -11"><span class='ocrx_word' id='word_1_115' title='bbox 479 1687 657 1727; x_wconf 77' lang='lat' dir='ltr'><strong>Immitis</strong></span> <span class='ocrx_word' id='word_1_116' title='bbox 687 1688 881 1737; x_wconf 83' lang='lat' dir='ltr'><strong>Glycerae‚</strong></span> <span class='ocrx_word' id='word_1_117' title='bbox 913 1701 994 1726; x_wconf 89' lang='lat' dir='ltr'><strong>neu</strong></span> <span class='ocrx_word' id='word_1_118' title='bbox 1022 1689 1279 1728; x_wconf 77' lang='lat' dir='ltr'><strong>miserabiles</strong></span> 
     </span>
    </p>
   </div>
   <div class='ocr_carea' id='block_1_6' title="bbox 478 1759 1233 1881">
    <p class='ocr_par' dir='ltr' id='par_1_8' title="bbox 478 1759 1233 1881">
     <span class='ocr_line' id='line_1_17' title="bbox 480 1759 1233 1809; baseline -0.001 -10"><span class='ocrx_word' id='word_1_119' title='bbox 480 1760 684 1799; x_wconf 84' lang='lat' dir='ltr'><strong>Decantes</strong></span> <span class='ocrx_word' id='word_1_120' title='bbox 713 1760 860 1809; x_wconf 89' lang='lat' dir='ltr'><strong>elegos,</strong></span> <span class='ocrx_word' id='word_1_121' title='bbox 890 1773 961 1799; x_wconf 85' lang='lat' dir='ltr'><strong>cur</strong></span> <span class='ocrx_word' id='word_1_122' title='bbox 989 1759 1063 1798; x_wconf 90' lang='lat' dir='ltr'><strong>tibi</strong></span> <span class='ocrx_word' id='word_1_123' title='bbox 1095 1761 1233 1799; x_wconf 89' lang='lat' dir='ltr'><strong>iunior</strong></span> 
     </span>
     <span class='ocr_line' id='line_1_18' title="bbox 478 1828 960 1881; baseline -0.006 -10"><span class='ocrx_word' id='word_1_124' title='bbox 478 1831 596 1871; x_wconf 82' lang='lat' dir='ltr'><strong>Laesa</strong></span> <span class='ocrx_word' id='word_1_125' title='bbox 623 1829 840 1881; x_wconf 76' lang='lat' dir='ltr'><strong>praeniteat</strong></span> <span class='ocrx_word' id='word_1_126' title='bbox 868 1828 960 1868; x_wconf 90' lang='lat' dir='ltr'><strong>fide.</strong></span> 
     </span>
    </p>
   </div>
   <div class='ocr_carea' id='block_1_7' title="bbox 211 1956 1709 2401">
    <p class='ocr_par' dir='ltr' id='par_1_9' title="bbox 211 1956 1709 2401">
     <span class='ocr_line' id='line_1_19' title="bbox 212 1956 1709 2012; baseline 0 -13"><span class='ocrx_word' id='word_1_127' title='bbox 212 1958 324 2000; x_wconf 83' lang='lat' dir='ltr'><strong>Nam</strong></span> <span class='ocrx_word' id='word_1_128' title='bbox 350 1956 537 2012; x_wconf 86' lang='lat' dir='ltr'><strong>Glycera</strong></span> <span class='ocrx_word' id='word_1_129' title='bbox 562 1957 811 2000; x_wconf 81' lang='lat' dir='ltr'><strong>Horatiana</strong></span> <span class='ocrx_word' id='word_1_130' title='bbox 835 1972 927 2000; x_wconf 92' lang='lat' dir='ltr'><strong>non</strong></span> <span class='ocrx_word' id='word_1_131' title='bbox 954 1958 1100 2012; x_wconf 85' lang='lat' dir='ltr'><strong>potuit</strong></span> <span class='ocrx_word' id='word_1_132' title='bbox 1124 1972 1220 2000; x_wconf 88' lang='lat' dir='ltr'><strong>esse</strong></span> <span class='ocrx_word' id='word_1_133' title='bbox 1244 1957 1384 2008; x_wconf 88' lang='lat' dir='ltr'><strong>Delia,</strong></span> <span class='ocrx_word' id='word_1_134' title='bbox 1407 1958 1535 2000; x_wconf 89' lang='lat' dir='ltr'><strong>cuius</strong></span> <span class='ocrx_word' id='word_1_135' title='bbox 1555 1971 1709 2000; x_wconf 86' lang='lat' dir='ltr'><strong>verum</strong></span> 
     </span>
     <span class='ocr_line' id='line_1_20' title="bbox 213 2034 1709 2091; baseline -0.001 -14"><span class='ocrx_word' id='word_1_136' title='bbox 213 2049 376 2078; x_wconf 89' lang='lat' dir='ltr'><strong>nomen</strong></span> <span class='ocrx_word' id='word_1_137' title='bbox 430 2034 630 2078; x_wconf 86' lang='lat' dir='ltr'><strong>Planiam</strong></span> <span class='ocrx_word' id='word_1_138' title='bbox 670 2036 805 2077; x_wconf 88' lang='lat' dir='ltr'><strong>fuisse</strong></span> <span class='ocrx_word' id='word_1_139' title='bbox 843 2036 970 2091; x_wconf 91' lang='lat' dir='ltr'><strong>Apul.</strong></span> <span class='ocrx_word' id='word_1_140' title='bbox 1013 2036 1128 2090; x_wconf 81' lang='lat' dir='ltr'><strong>apol.</strong></span> <span class='ocrx_word' id='word_1_141' title='bbox 1174 2038 1238 2078; x_wconf 85' lang='lat'><strong>10.</strong></span> <span class='ocrx_word' id='word_1_142' title='bbox 1279 2038 1495 2085; x_wconf 56' lang='lat' dir='ltr'><strong>testatum</strong></span> <span class='ocrx_word' id='word_1_143' title='bbox 1536 2034 1612 2076; x_wconf 90' lang='lat' dir='ltr'><strong>sed</strong></span> <span class='ocrx_word' id='word_1_144' title='bbox 1653 2048 1709 2076; x_wconf 89' lang='lat' dir='ltr'><strong>ne</strong></span> 
     </span>
     <span class='ocr_line' id='line_1_21' title="bbox 214 2112 1706 2167; baseline 0 -13"><span class='ocrx_word' id='word_1_145' title='bbox 214 2113 413 2155; x_wconf 85' lang='lat' dir='ltr'><strong>Nemesis</strong></span> <span class='ocrx_word' id='word_1_146' title='bbox 440 2112 617 2166; x_wconf 87' lang='lat' dir='ltr'><strong>quidem</strong></span> <span class='ocrx_word' id='word_1_147' title='bbox 644 2125 738 2154; x_wconf 89' lang='lat' dir='ltr'><strong>esse</strong></span> <span class='ocrx_word' id='word_1_148' title='bbox 764 2113 922 2167; x_wconf 87' lang='lat' dir='ltr'><strong>potuit.</strong></span> <span class='ocrx_word' id='word_1_149' title='bbox 948 2113 1050 2167; x_wconf 88' lang='lat' dir='ltr'><strong>quia</strong></span> <span class='ocrx_word' id='word_1_150' title='bbox 1073 2112 1288 2155; x_wconf 78' lang='lat' dir='ltr'><strong>Horatius</strong></span> <span class='ocrx_word' id='word_1_151' title='bbox 1311 2112 1454 2155; x_wconf 84' lang='lat' dir='ltr'><strong>Carm.</strong></span> <span class='ocrx_word' id='word_1_152' title='bbox 1474 2113 1518 2154; x_wconf 91' lang='lat'><strong>11.</strong></span> <span class='ocrx_word' id='word_1_153' title='bbox 1547 2113 1567 2154; x_wconf 96' lang='grc' dir='ltr'><strong>Ι</strong></span> <span class='ocrx_word' id='word_1_154' title='bbox 1612 2112 1706 2154; x_wconf 60' lang='grc' dir='ltr'><strong>&gt;ΙΙΙ.</strong></span> 
     </span>
     <span class='ocr_line' id='line_1_22' title="bbox 211 2189 1708 2244; baseline -0.001 -11"><span class='ocrx_word' id='word_1_155' title='bbox 211 2205 248 2233; x_wconf 84' lang='lat' dir='ltr'><strong>a.</strong></span> <span class='ocrx_word' id='word_1_156' title='bbox 279 2193 346 2234; x_wconf 71' lang='lat'><strong>23.</strong></span> <span class='ocrx_word' id='word_1_157' title='bbox 375 2204 412 2232; x_wconf 81' lang='lat' dir='ltr'><strong>a.</strong></span> <span class='ocrx_word' id='word_1_158' title='bbox 441 2189 544 2233; x_wconf 90' lang='lat' dir='ltr'><strong>Chr.</strong></span> <span class='ocrx_word' id='word_1_159' title='bbox 569 2204 611 2232; x_wconf 90' lang='lat' dir='ltr'><strong>n.</strong></span> <span class='ocrx_word' id='word_1_160' title='bbox 653 2189 800 2239; x_wconf 84' lang='lat' dir='ltr'><strong>edidit,</strong></span> <span class='ocrx_word' id='word_1_161' title='bbox 841 2189 1041 2232; x_wconf 89' lang='lat' dir='ltr'><strong>Tibullus</strong></span> <span class='ocrx_word' id='word_1_162' title='bbox 1081 2194 1243 2239; x_wconf 81' lang='lat' dir='ltr'><strong>autem,</strong></span> <span class='ocrx_word' id='word_1_163' title='bbox 1283 2192 1333 2231; x_wconf 89' lang='lat' dir='ltr'><strong>ut</strong></span> <span class='ocrx_word' id='word_1_164' title='bbox 1371 2204 1505 2244; x_wconf 84' lang='lat' dir='ltr'><strong>supra</strong></span> <span class='ocrx_word' id='word_1_165' title='bbox 1542 2190 1589 2231; x_wconf 90' lang='lat' dir='ltr'><strong>in</strong></span> <span class='ocrx_word' id='word_1_166' title='bbox 1627 2189 1708 2230; x_wconf 88' lang='lat' dir='ltr'><strong>Ex-</strong></span> 
     </span>
     <span class='ocr_line' id='line_1_23' title="bbox 211 2267 1707 2322; baseline -0.002 -12"><span class='ocrx_word' id='word_1_167' title='bbox 211 2279 343 2310; x_wconf 77' lang='lat' dir='ltr'><strong>cui-su</strong></span> <span class='ocrx_word' id='word_1_168' title='bbox 367 2267 442 2317; x_wconf 84' lang='lat' dir='ltr'><strong>IX,</strong></span> <span class='ocrx_word' id='word_1_169' title='bbox 470 2267 714 2316; x_wconf 90' lang='lat' dir='ltr'><strong>docuimus,</strong></span> <span class='ocrx_word' id='word_1_170' title='bbox 743 2268 940 2310; x_wconf 85' lang='lat' dir='ltr'><strong>carmina</strong></span> <span class='ocrx_word' id='word_1_171' title='bbox 967 2268 1014 2309; x_wconf 89' lang='lat' dir='ltr'><strong>in</strong></span> <span class='ocrx_word' id='word_1_172' title='bbox 1040 2267 1251 2310; x_wconf 89' lang='lat' dir='ltr'><strong>Nemesin</strong></span> <span class='ocrx_word' id='word_1_173' title='bbox 1277 2270 1379 2322; x_wconf 88' lang='lat' dir='ltr'><strong>post</strong></span> <span class='ocrx_word' id='word_1_174' title='bbox 1400 2268 1582 2310; x_wconf 88' lang='lat' dir='ltr'><strong>tertium</strong></span> <span class='ocrx_word' id='word_1_175' title='bbox 1609 2267 1707 2308; x_wconf 89' lang='lat' dir='ltr'><strong>Pro-</strong></span> 
     </span>
     <span class='ocr_line' id='line_1_24' title="bbox 213 2344 1107 2401; baseline -0.002 -13"><span class='ocrx_word' id='word_1_176' title='bbox 213 2346 342 2401; x_wconf 86' lang='lat' dir='ltr'><strong>pertii</strong></span> <span class='ocrx_word' id='word_1_177' title='bbox 369 2345 534 2388; x_wconf 91' lang='lat' dir='ltr'><strong>librum</strong></span> <span class='ocrx_word' id='word_1_178' title='bbox 558 2358 598 2387; x_wconf 90' lang='lat' dir='ltr'><strong>a.</strong></span> <span class='ocrx_word' id='word_1_179' title='bbox 625 2345 697 2388; x_wconf 72' lang='lat'><strong>22.</strong></span> <span class='ocrx_word' id='word_1_180' title='bbox 720 2344 888 2387; x_wconf 81' lang='lat' dir='ltr'><strong>editum</strong></span> <span class='ocrx_word' id='word_1_181' title='bbox 918 2345 1107 2399; x_wconf 80' lang='lat' dir='ltr'><strong>scripsit.</strong></span> 
     </span>
    </p>
   </div>
   <div class='ocr_carea' id='block_1_8' title="bbox 646 2526 1270 2578">
    <p class='ocr_par' dir='ltr' id='par_1_10' title="bbox 646 2526 1270 2578">
     <span class='ocr_line' id='line_1_25' title="bbox 646 2526 1270 2578; baseline -0.002 -11"><span class='ocrx_word' id='word_1_182' title='bbox 646 2526 723 2567; x_wconf 82' lang='lat' dir='ltr'><strong>XI.</strong></span> <span class='ocrx_word' id='word_1_183' title='bbox 753 2526 936 2567; x_wconf 83' lang='lat' dir='ltr'><strong>Summa</strong></span> <span class='ocrx_word' id='word_1_184' title='bbox 964 2527 1270 2578; x_wconf 80' lang='lat' dir='ltr'><strong>quoestionum.</strong></span> 
     </span>
    </p>
   </div>
   <div class='ocr_carea' id='block_1_9' title="bbox 267 2652 1757 2720">
    <p class='ocr_par' dir='ltr' id='par_1_11' title="bbox 267 2652 1757 2720">
     <span class='ocr_line' id='line_1_26' title="bbox 267 2652 1757 2720; baseline -0.005 -21"><span class='ocrx_word' id='word_1_185' title='bbox 267 2655 347 2699; x_wconf 89' lang='lat' dir='ltr'><strong>Est</strong></span> <span class='ocrx_word' id='word_1_186' title='bbox 388 2656 522 2712; x_wconf 82' lang='lat' dir='ltr'><strong>igitur</strong></span> <span class='ocrx_word' id='word_1_187' title='bbox 562 2655 669 2698; x_wconf 92' lang='lat' dir='ltr'><strong>ordo</strong></span> <span class='ocrx_word' id='word_1_188' title='bbox 710 2663 975 2710; x_wconf 82' lang='lat' dir='ltr'><strong>temporum.</strong></span> <span class='ocrx_word' id='word_1_189' title='bbox 1020 2667 1106 2709; x_wconf 92' lang='lat' dir='ltr'><strong>quo</strong></span> <span class='ocrx_word' id='word_1_190' title='bbox 1148 2653 1349 2696; x_wconf 88' lang='lat' dir='ltr'><strong>Tibullus</strong></span> <span class='ocrx_word' id='word_1_191' title='bbox 1391 2652 1588 2693; x_wconf 81' lang='lat' dir='ltr'><strong>carmina</strong></span> <span class='ocrx_word' id='word_1_192' title='bbox 1628 2664 1706 2692; x_wconf 90' lang='lat' dir='ltr'><strong>sua</strong></span> <span class='ocrx_word' id='word_1_193' title='bbox 1751 2716 1757 2720; x_wconf 19' lang='grc' dir='ltr'>ἢ</span> 
     </span>
    </p>
   </div>
   <div class='ocr_carea' id='block_1_10' title="bbox 210 2733 1558 2843">
    <p class='ocr_par' dir='ltr' id='par_1_12' title="bbox 210 2733 1558 2843">
     <span class='ocr_line' id='line_1_27' title="bbox 210 2733 675 2789; baseline 0 -15"><span class='ocrx_word' id='word_1_194' title='bbox 210 2734 398 2789; x_wconf 81' lang='lat' dir='ltr'><strong>scripsit,</strong></span> <span class='ocrx_word' id='word_1_195' title='bbox 427 2733 531 2775; x_wconf 88' lang='lat' dir='ltr'><strong>talis</strong></span> <span class='ocrx_word' id='word_1_196' title='bbox 558 2733 649 2775; x_wconf 82' lang='lat' dir='ltr'><strong>fere</strong></span> <span class='ocrx_word' id='word_1_197' title='bbox 666 2749 675 2774; x_wconf 77' lang='grc' dir='ltr'>ε</span> 
     </span>
     <span class='ocr_line' id='line_1_28' title="bbox 1494 2810 1558 2843; baseline -0.016 0"><span class='ocrx_word' id='word_1_198' title='bbox 1494 2810 1558 2843; x_wconf 69' lang='lat'><strong>22*</strong></span> 
     </span>
    </p>
   </div>
  </div>
 </body>
</html>
