1942 3132
290 228 359 263 174
443 234 446 237 '
859 244 915 272 AD
936 244 965 272 1.
990 242 1022 280 6,
1047 241 1213 271 37—42.

285 359 487 409 latretur,
517 373 615 400 cum
655 360 775 402 solus
814 360 1070 402 obambulat
1107 360 1227 413 ipse»
1236 373 1247 407 ;
1273 358 1476 399 imitatur
1500 357 1575 400 Ov.
1604 358 1699 401 Am.
1726 359 1782 402 Π.

293 436 358 485 19,
399 437 482 478 40:
517 435 760 487 «Quaerere,
804 437 911 491 quid
950 436 1115 477 latrent
1154 436 1283 476 nocte
1325 434 1484 475 silente
1525 447 1698 476 canes».
1726 459 1784 463 ——

291 510 517 567 Instabat,
542 513 707 555 latratu
731 513 1090 568 persequebatur.
1120 537 1178 540 d·
1205 512 1351 566 canis,
1389 511 1441 552 de
1468 525 1576 553 cane
1613 511 1783 565 puella-

289 602 390 630 rum
427 589 608 631 custode
647 590 697 630 of.
728 590 844 631 infra
869 590 924 631 II.
953 591 992 638 4,
1025 590 1104 630 32:
1140 589 1220 629 «Et
1258 587 1391 641 coepit
1427 591 1576 630 custos
1614 588 1786 629 liminis

286 678 389 707 esse
416 666 563 708 canis»
598 669 640 708 et
665 666 791 720 Prop.
821 666 892 709 IV.
922 668 960 716 5,
991 669 1072 709 71:
1107 667 1186 707 «Et
1212 665 1335 707 canis
1361 665 1409 706 in
1435 667 1612 708 nostros
1650 665 1786 707 nimis

288 745 543 796 experrecta
580 743 798 785 dolores».
827 768 884 772 -—-—
923 742 1131 808 Servare,
1170 743 1328 784 ultima
1367 742 1537 795 syllaba
1572 741 1788 795 producta

285 821 473 873 propter
509 823 808 862 consonantes
847 823 1109 884 sequentem
1150 821 1200 861 cf.
1244 833 1378 873 supra
1417 819 1449 861 I.
1491 820 1529 869 5,
1565 820 1646 861 28:
1679 818 1815 860 «Pro-

287 899 441 950 -segete
481 897 648 951 spicas»
682 900 724 939 et
763 898 861 939 adn.
891 897 946 938 ad
972 898 1014 939 h.
1043 898 1070 939 l.
1099 923 1157 926 fi
1184 897 1326 939 clavis
1360 896 1478 939 inest
1514 895 1709 952 foribus,
1734 894 1787 937 de

288 974 449 1015 eadem
486 987 532 1015 re
571 975 686 1016 infra
712 975 767 1016 ΙΙ.
795 976 835 1024 4,
867 976 946 1016 31:
980 975 1108 1015 «hinc
1147 974 1305 1015 clavim
1345 974 1479 1014 ianua
1520 972 1703 1013 sensit».
1728 995 1787 1000 -—

286 1051 422 1100 tenet,
465 1051 760 1104 amplectitur,
788 1055 838 1093 ut
877 1063 1012 1104 supra
1036 1051 1068 1092 Ι.
1099 1052 1137 1100 5,
1169 1051 1247 1092 39:
1282 1049 1430 1103 «Saepe
1458 1050 1592 1090 aliam
1617 1049 1766 1090 tenui»
1776 1063 1786 1098 ;

288 1127 342 1167 cf.
372 1126 471 1168 adn.
501 1127 556 1168 ad
582 1128 623 1168 h.
650 1127 678 1169 l.
707 1153 762 1156 —
791 1127 908 1170 alios
936 1127 1138 1182 suspirat
1164 1138 1359 1179 amore-3,
1387 1126 1582 1180 suspirat
1607 1126 1785 1179 (gemit),

288 1204 431 1245 alium
460 1206 685 1246 amantem
713 1204 994 1253 desiderans;
1033 1204 1270 1258 suspirare
1308 1217 1408 1244 cum
1449 1202 1710 1252 accusativo,
1738 1204 1789 1243 ut

292 1281 411 1322 infra
447 1281 518 1323 IV.
549 1283 588 1330 5,
623 1283 699 1323 11:
733 1281 884 1333 «Quod
923 1281 959 1323 si
999 1282 1110 1322 forte
1153 1280 1264 1322 alios
1304 1281 1394 1321 iam
1436 1294 1554 1321 nunc
1596 1279 1788 1332 suspiret

288 1371 491 1399 amores»
524 1360 567 1398 et
603 1358 694 1398 Iuv.
725 1355 813 1399 Sat.
838 1357 911 1398 XI.
946 1358 1053 1399 153:
1086 1355 1313 1410 «Suspirat
1350 1356 1483 1409 longo
1523 1369 1615 1397 non
1646 1356 1788 1398 visam

293 1438 491 1488 tempore
517 1438 748 1476 matrem».
777 1459 835 1462 -ffl
861 1446 1051 1484 amores,
1079 1433 1286 1475 iuvenem
1324 1436 1521 1474 amatum
1555 1432 1785 1486 significat,

291 1514 342 1552 ut
366 1512 484 1554 infra
509 1511 579 1553 IV.
611 1513 648 1560 3,
674 1513 750 1553 19:
775 1525 898 1553 «meo
927 1512 1079 1552 furtim
1107 1512 1304 1565 subrepit
1331 1513 1494 1553 amori»
1516 1512 1544 1553 i.
1573 1525 1608 1552 e.
1638 1510 1788 1552 iuveni

289 1601 319 1629 a
344 1601 415 1629 me
443 1590 614 1637 amato:
643 1588 798 1629 eodem
824 1588 956 1629 modo
985 1602 1117 1641 supra
1143 1588 1174 1629 I.
1207 1589 1243 1638 3,
1266 1589 1348 1633 81.,
1369 1601 1544 1629 necnon
1570 1588 1689 1628 infra
1713 1586 1784 1628 IV.

288 1666 333 1714 5,
367 1666 431 1707 17.
474 1667 516 1706 et
553 1665 607 1706 II.
648 1666 688 1711 4,
727 1665 784 1706 47
814 1663 1028 1718 (amores)
1057 1667 1099 1705 et
1125 1665 1179 1705 Π.
1208 1666 1247 1714 4,
1277 1666 1317 1705 4.
1346 1663 1520 1718 (ambr)
1546 1663 1598 1705 de
1637 1664 1790 1717 puella

294 1743 455 1783 amata.
486 1767 540 1769 —-⁷⁷
566 1740 754 1783 simulat
784 1773 793 1781 .
823 1775 830 1782 .
860 1775 867 1782 .
900 1739 1187 1782 condoluisse
1226 1741 1376 1795 caput,
1401 1743 1451 1782 ut
1475 1740 1692 1793 gemitum
1719 1753 1788 1782 ex-

290 1820 419 1860 cuset
455 1819 641 1867 marito3
682 1819 733 1859 cf.
775 1817 850 1858 Ov.
880 1818 974 1858 Am.
1015 1818 1046 1858 I.
1079 1818 1116 1867 8,
1148 1819 1229 1859 73:
1262 1816 1408 1871 «Saepe
1447 1831 1561 1872 nega
1598 1818 1786 1867 noctem,

292 1895 456 1949 capitis
481 1894 612 1935 modo
639 1893 756 1947 finge
784 1893 1024 1935 dolorem».
1046 1919 1103 1921 —
1121 1892 1421 1943 condoluisse,
1440 1895 1490 1934 ut
1506 1893 1644 1935 Plaut.
1665 1894 1786 1936 Truc.

295 1971 328 2013 I.
359 1972 397 2022 8,
427 1973 479 2014 ‚022
513 1971 663 2012 «Nunc
687 1970 800 2011 mihi
827 1970 879 2011 de
905 1974 1038 2011 vento
1064 1971 1236 2012 miserae
1263 1970 1489 2012 condoluit
1514 1973 1685 2024 caput».

355 2047 404 2090 V.
435 2048 620 2090 37—49.
650 2059 743 2089 non
769 2059 890 2089 sceva
929 2058 1089 2088 recuso
1126 2044 1334 2098 Verbera,
1360 2044 1553 2088 detrecto
1592 2058 1685 2088 non
1711 2058 1788 2102 eqo

296 2124 449 2167 vincla
467 2123 654 2179 pedum,
683 2123 818 2164 offero
846 2123 925 2164 tibi
955 2123 1068 2164 servi
1105 2123 1302 2176 puellam
1328 2123 1618 2164 custodientis
1645 2122 1790 2167 officia

295 2215 439 2255 neque
465 2214 619 2254 poenas
647 2201 828 2241 serviles
868 2213 1046 2248 recuso3
1076 2201 1126 2241 cf.
1156 2200 1210 2241 II.
1242 2201 1278 2248 3,
1309 2200 1506 2241 79—80:
1541 2199 1619 2241 «ad
1652 2200 1787 2254 impe-

295 2278 413 2318 rium
452 2277 641 2318 dominae
681 2277 951 2318 sulcabimus
990 2289 1143 2329 agros:
1182 2277 1282 2318 Non
1309 2289 1388 2329 ego
1414 2290 1485 2317 me
1510 2277 1668 2318 vinclis
1693 2290 1787 2319 ver-

296 2353 562 2407 beribusque
588 2367 743 2407 nego».
774 2379 811 2381 -r
856 2366 975 2395 sceva
1002 2387 1009 2395 .
1041 2386 1050 2395 .
1081 2386 1090 2395 .
1132 2351 1334 2402 Verbera,
1368 2367 1502 2406 poena
1528 2353 1711 2403 servilis,
1738 2356 1788 2395 ut

292 2443 432 2484 supra
469 2431 501 2471 Ι.
531 2432 568 2479 9,
599 2432 679 2471 ⁰202:
714 2430 904 2471 «intorto
943 2430 1122 2471 verbere
1162 2433 1286 2483 terga
1327 2443 1448 2472 seca»
1482 2433 1524 2471 et
1564 2428 1638 2471 Ov.
1682 2428 1785 2471 Her.

295 2507 365 2556 920,
386 2507 439 2548 77
458 2522 467 2547 :
488 2506 655 2559 «thue
675 2507 821 2547 solent
844 2507 1011 2556 famuli,
1030 2520 1130 2547 cum
1144 2507 1323 2548 verbera
1341 2521 1455 2548 saeva
1467 2508 1713 2547 verentur».
1730 2531 1788 2534 *m

297 2581 451 2624 vincla
481 2580 667 2636 pedum,
694 2583 808 2623 servi
845 2596 986 2635 poenae
1025 2595 1159 2624 causa
1197 2596 1314 2636 saepe
1340 2582 1644 2624 vinciebantur
1670 2595 1785 2623 com-

292 2658 484 2714 pedibus
498 2673 508 2708 ;
537 2659 587 2699 cf.
618 2658 691 2700 Ov.
712 2660 806 2700 Am.
823 2659 877 2699 II.
899 2660 936 2708 Ξ,
957 2660 1146 2701 47—48.
1176 2659 1228 2701 de
1256 2672 1380 2701 servo
1406 2659 1564 2713 puellae
1582 2658 1787 2700 custode:

300 2736 431 2778 «Vidi
468 2749 547 2789 ego
587 2734 869 2788 compedibus
908 2736 1091 2776 liventia
1129 2749 1257 2777 crura
1292 2737 1529 2789 gerentem,
1558 2734 1684 2777 Unde
1723 2736 1789 2777 Vir
