1942 3132
716 205 771 234 An
792 206 840 235 11.
866 204 894 234 ι.
921 203 1087 234 27-32.
1586 186 1651 223 20¹

157 326 236 369 dat
260 327 390 380 signa
414 324 563 368 deus».
583 322 864 380 —felicibus
878 321 995 365 emtis
1013 318 1245 377 Siqnisicet
1263 319 1471 375 placidos
1489 318 1656 363 nuntia

158 403 277 461 fibra
303 402 426 454 deos,
452 403 505 444 cf.
533 401 659 455 Verg.
689 399 766 443 Ge.
794 400 828 441 Ι.
856 400 971 441 484;
1015 398 1256 440 «Tristibus
1283 402 1360 439 aut
1400 398 1511 439 extis
1536 397 1655 439 fibrae

162 494 377 536 apparere
402 479 642 522 minaces».
671 502 728 507 —-
753 476 966 533 felicibus
991 475 1128 526 emtis,
1169 475 1218 517 in
1245 475 1357 517 extis
1396 475 1655 516 felicitatem

159 556 540 613 portendentibus.
579 554 780 597 Tibullus
819 554 988 596 scilicet
1026 553 1310 607 haruspicem
1337 552 1552 601 adhibuit,
1582 553 1656 606 qui

161 639 261 677 exta
286 648 411 689 agnae
436 633 677 676 immolatae
698 632 950 686 inspiceret.
979 656 1036 659 —
1062 630 1229 673 nuntia
1254 629 1387 686 fibra,
1410 629 1657 671 voluntatis

159 712 343 754 deorum
370 715 413 754 et
438 710 575 753 futuri
602 709 789 759 nuntia;
815 709 869 751 cf.
898 708 998 751 adn.
1028 721 1163 763 supra
1181 707 1236 749 ad
1252 707 1285 749 Ι.
1306 709 1345 757 8,
1368 709 1422 750 3:
1455 707 1658 749 «conscia

153 789 272 844 fibra
307 788 516 831 deorum»
561 790 605 830 et
642 786 778 842 Lygd.
806 787 848 837 4,
876 787 1020 829 5—6:
1066 791 1287 828 «venturae
1326 785 1487 827 nuntia
1526 784 1658 827 sortis

159 865 276 909 Vera
299 868 485 908 monent
509 864 662 906 Tuscis
688 866 787 906 exta
812 862 999 919 probata
1022 863 1171 906 viris».

219 944 268 986 V.
309 944 496 987 27—32.
536 942 740 999 fumosos
761 974 772 983 .
796 974 806 983 .
831 973 842 983 .
886 939 1124 995 Falernos,
1165 941 1325 995 supple
1365 953 1416 982 ex
1456 953 1517 982 vs.
1563 954 1626 995 sq.
1649 957 1658 983 :

161 1020 307 1064 cados.
335 1019 451 1062 Vina
480 1019 530 1061 in
557 1020 784 1074 superiore
812 1018 974 1060 aedium
1011 1023 1151 1074 parte,
1193 1019 1241 1060 in
1280 1018 1497 1072 apotheca
1534 1017 1658 1060 fumo

159 1099 311 1154 pervia
334 1097 683 1146 collocabantur,
715 1101 766 1139 ut
787 1095 958 1139 Colum.
999 1097 1031 1138 Ι.
1062 1098 1101 1146 6,
1131 1098 1199 1139 20.
1241 1095 1376 1138 dicit:
1421 1096 1660 1150 «quoniam

163 1177 266 1219 vina
289 1175 478 1218 celerius
502 1178 823 1225 vetustescunt,
863 1188 959 1229 quae
986 1175 1097 1216 fumi
1124 1174 1317 1229 quodam
1355 1176 1511 1216 tenore
1549 1186 1659 1228 prae-

159 1265 311 1295 cocem
336 1252 642 1294 maturitatem
668 1251 896 1293 trahunt».
925 1250 987 1293 Cf.
1006 1250 1114 1293 Hor.
1135 1249 1279 1293 Carm.
1296 1250 1374 1293 ΙΠ.
1395 1251 1434 1300 8,
1465 1251 1659 1292 11—12:

167 1328 426 1383 «Amphorae
465 1329 640 1370 fumum
665 1327 815 1369 bibere
841 1328 1059 1370 institutae
1085 1326 1278 1370 Consule
1305 1327 1459 1370 Tullo»
1499 1330 1542 1369 et
1580 1326 1657 1370 Ov.

160 1404 279 1447 Fast.
307 1403 356 1446 V.
386 1405 500 1447 518:
533 1404 727 1446 «Premit
753 1405 930 1446 fumoso
956 1404 1137 1446 condita
1151 1405 1258 1447 vina
1281 1403 1435 1447 cado».
1462 1404 1529 1446 De
1554 1403 1659 1446 vino

159 1481 352 1524 Falerno
377 1482 477 1524 vide
504 1482 604 1524 adn.
634 1495 769 1536 supra
801 1481 856 1524 ad
881 1482 913 1524 Ι.
943 1483 983 1531 9,
1014 1483 1098 1524 34:
1144 1482 1387 1524 «Falernus
1425 1495 1572 1536 ager».
1602 1505 1661 1510 —

158 1560 320 1603 veteris
343 1593 352 1601 .
375 1591 387 1602 .
411 1592 421 1602 .
453 1557 684 1613 Consulis,
709 1560 921 1614 intellege
938 1560 1094 1602 vinum
1111 1574 1231 1603 anno
1249 1561 1412 1603 veteris
1429 1559 1662 1602 cuiusdam

160 1636 358 1678 consulis
384 1635 621 1686 diffusum;
659 1637 844 1678 nomina
872 1638 992 1678 enim
1031 1637 1267 1679 consulum
1304 1636 1663 1678 inscribebantur

162 1715 400 1768 amphorae.
430 1713 495 1757 Cf.
522 1714 630 1756 Hor.
660 1713 803 1757 Carm.
831 1714 908 1756 ΠΙ.
950 1716 1020 1760 28.
1062 1716 1202 1756 7—8:
1248 1714 1423 1756 «Parcis
1461 1713 1661 1767 deripere

163 1789 324 1833 horreo
350 1789 610 1833 Cessantem
645 1790 793 1832 Bibuli
833 1791 1032 1833 consulis
1070 1791 1377 1845 amphoram».
1417 1790 1471 1831 In
1497 1802 1661 1843 magno

162 1871 314 1910 autem
339 1868 510 1910 honore
551 1871 645 1909 erat
682 1867 924 1909 Falernum
950 1872 1103 1917 vetus3
1143 1869 1196 1909 cf.
1223 1867 1346 1910 Varr.
1387 1867 1452 1908 De
1479 1881 1525 1908 re
1553 1869 1659 1908 rust.

163 1946 246 1988 65:
280 1944 481 1988 «Genera
506 1948 612 1987 sunt
634 1946 740 1994 vini,
770 1946 818 1986 in
844 1958 930 2000 quo
955 1945 1161 1993 Falerna,
1190 1958 1287 1999 quae
1326 1947 1493 1999 quanto
1520 1944 1662 1998 pluris

163 2035 308 2066 annos
347 2022 529 2065 condita
567 2021 830 2071 habuerunt,
872 2025 1010 2073 tanto,
1046 2035 1149 2064 cum
1187 2025 1407 2076 prompta,
1443 2024 1548 2063 sunt
1574 2022 1661 2063 fru-

163 2100 431 2142 ctuosiora».
459 2124 517 2128 —
545 2097 672 2151 Chio,
702 2100 805 2154 quia
831 2100 985 2141 vinum
1006 2099 1248 2141 Falernum
1275 2102 1504 2141 austerum
1529 2098 1663 2154 (quod

166 2189 373 2221 severum
389 2177 597 2219 nominat
620 2176 726 2219 Hor.
747 2176 889 2219 Carm.
910 2177 942 2219 Ι.
973 2178 1042 2226 27,
1066 2178 1126 2230 9.)
1151 2176 1399 2219 miscebant
1423 2190 1523 2218 cum
1551 2175 1662 2219 Chio

163 2254 375 2304 dulciore,
404 2253 523 2296 unde
549 2254 657 2296 Hor.
687 2252 776 2296 Sat.
805 2254 838 2296 Ι.
872 2255 936 2305 10,
966 2255 1052 2297 24:
1099 2257 1173 2296 «ut
1198 2253 1310 2297 Chio
1347 2258 1456 2296 nota
1481 2255 1519 2295 si
1544 2267 1663 2296 com-

164 2332 302 2374 mixta
327 2331 508 2373 Falerni
536 2334 627 2373 est»
672 2334 716 2373 et
751 2330 856 2373 ibid.
900 2331 955 2373 ΙΙ.
997 2333 1036 2377 3.
1081 2333 1342 2374 115—116:
1391 2329 1463 2373 «Si
1504 2332 1662 2385 positis

164 2410 288 2452 intus
314 2408 414 2452 Chii
439 2409 689 2463 veterisque
714 2408 894 2450 Falerni
915 2407 1040 2450 Mille
1063 2409 1227 2451 cadis».
1250 2409 1374 2450 Inter
1388 2409 1493 2450 vina
1512 2407 1664 2451 Graeea

165 2486 503 2529 celeberrimum
542 2490 637 2527 erat
674 2484 832 2528 Chium
850 2500 861 2535 ;
888 2487 940 2529 cf.
981 2486 1095 2528 Plin.
1137 2486 1187 2528 N.
1227 2486 1283 2527 H.
1331 2486 1444 2528 XIV.
1475 2487 1553 2528 732
1587 2487 1664 2528 «In

166 2576 343 2606 summa
367 2563 510 2617 gloria
532 2564 635 2617 post
669 2562 908 2605 Homerica
933 2563 1011 2606 illa
1047 2564 1195 2616 (vina),
1236 2563 1289 2606 de
1328 2563 1488 2618 quibus
1530 2577 1664 2618 supra

165 2639 369 2685 diximus.
398 2642 520 2682 fuere
546 2640 758 2681 Thasium
784 2639 1145 2695 Chiumque».——
1172 2641 1328 2684 solvite
1355 2640 1508 2684 vincla
1534 2639 1663 2692 cado,

168 2729 225 2759 sc.
254 2718 462 2760 corticem
490 2717 757 2759 adstrictum
786 2717 896 2771 pice,
925 2721 975 2759 ut
998 2717 1109 2760 Hor.
1140 2716 1282 2760 Carm.
1311 2718 1389 2760 ΠΙ.
1410 2719 1449 2762 8.
1474 2719 1536 2759 10.
1558 2717 1664 2758 dicit
