1942 3132
823 249 853 277 1.
876 246 911 277 5.
935 246 970 276 2.

207 409 220 416 ,
259 370 472 412 Versatur
498 368 633 411 celeri
658 368 750 410 fors
775 366 888 408 levis
915 364 1020 406 orbe
1048 368 1168 406 rotae.

198 447 300 490 Non
325 448 490 489 frustra
516 445 699 501 quidam
724 445 815 486 iam
840 455 962 485 nunc
988 443 1036 484 in
1062 442 1222 483 limine
1246 443 1416 494 perstat

261 523 453 566 Sedulus
480 536 530 565 ac
556 522 709 564 crebro
734 519 953 575 prospicit
979 532 1030 561 ac
1058 518 1234 571 refugit,

199 602 256 644 Et
282 602 466 644 simulat
490 600 683 645 transire
708 598 904 646 domum,
934 610 1039 638 mox
1065 595 1227 637 deinde
1255 596 1441 636 recurrit

262 678 394 721 Solus
421 683 465 720 et
490 682 594 721 ante
618 678 741 732 ipsas
768 677 966 718 exscreat
990 688 1131 729 usque
1159 674 1289 715 fores.

199 756 359 798 Nescio
387 756 493 811 quid
519 756 709 798 furtivus
735 766 862 796 amor
886 754 1026 807 parat,
1055 752 1190 794 Utere
1217 764 1379 805 quaeso,

260 833 379 876 Dum
406 833 535 875 licet:
562 832 611 874 in
636 830 807 886 liquida
834 833 914 872 nat
938 829 1021 871 tibi
1047 829 1184 870 linter
1211 841 1338 882 aqua.

860 1043 931 1086 IV.

201 1142 324 1184 Adde
351 1154 525 1183 merum
550 1139 744 1194 vinoque
770 1152 913 1181 novos
939 1151 1174 1193 compesce
1200 1137 1390 1183 dolores,

264 1219 462 1273 Occupet
485 1222 536 1260 ut
561 1218 668 1260 fessi
694 1217 868 1259 lumina
894 1218 1010 1258 victa
1037 1229 1196 1270 sopor:

202 1297 299 1340 Neu
325 1298 560 1357 quisquam
585 1296 730 1338 multo
756 1308 1020 1349 percussum
1046 1299 1252 1348 tempora
1275 1292 1452 1334 Baccho

262 1375 446 1424 Excitet,
475 1374 632 1416 infelix
657 1373 765 1415 dum
790 1371 1031 1426 requiescit
1057 1384 1196 1413 amor.

202 1453 316 1495 Nam
340 1452 489 1507 posita
514 1454 582 1494 est
607 1454 772 1493 nostrae
799 1448 1004 1491 custodia
1031 1461 1146 1490 saeva
1170 1447 1347 1502 puellae,

229 1540 235 1542 ·
263 1529 497 1572 Clauditur
522 1532 566 1571 et
592 1527 703 1570 dura
728 1527 866 1569 ianua
893 1525 1022 1567 firma
1050 1539 1160 1567 sera.

201 1607 346 1650 Ianua
370 1606 568 1649 difficilis
594 1605 799 1655 dominae,
828 1606 872 1645 te
900 1603 1102 1645 verberet
1126 1603 1281 1652 imber,

263 1685 323 1727 Te
349 1685 469 1727 Iovis
495 1685 686 1739 imperio
714 1683 908 1725 fulmina
935 1682 1074 1724 missa
1099 1683 1269 1736 petant.

203 1763 356 1813 Ianua,
383 1763 476 1804 iam
500 1765 655 1816 pateas
680 1762 763 1803 uni
788 1761 914 1810 mihi,
943 1761 1062 1802 victa
1089 1759 1294 1814 querelis,

265 1840 363 1882 Neu
387 1841 545 1882 furtim
571 1852 698 1882 verso
727 1838 907 1880 cardine
935 1843 1088 1892 aperta
1116 1850 1261 1881 soneS.

205 1917 263 1958 Et
286 1917 407 1958 mala
433 1917 471 1958 si
497 1930 585 1971 qua
609 1916 693 1958 tibi
719 1915 828 1957 dixit
854 1915 1081 1956 dementia
1106 1917 1272 1962 nostra,

266 1994 505 2047 Ignoscas:
533 1993 671 2047 capiti
698 1992 790 2034 sint
814 2005 973 2046 precor
998 1992 1077 2032 illa
1102 2003 1216 2032 meo.

206 2071 266 2114 ΤΘ
291 2071 554 2113 meminisse
582 2069 718 2120 decet,
749 2080 846 2124 quae
871 2068 1069 2123 plurima
1095 2081 1202 2109 voce
1228 2068 1378 2122 peregi

268 2148 491 2203 Supplice,
520 2161 622 2189 cum
646 2147 765 2202 posti
790 2146 950 2189 florida
977 2149 1096 2188 serta
1121 2145 1286 2188 darem.

207 2225 273 2268 'l'u
299 2239 474 2280 quoque
500 2239 558 2267 ne
584 2223 739 2267 timide
766 2224 988 2271 custodes,
1016 2223 1157 2273 Delia,
1188 2223 1307 2265 falle.

266 2302 534 2345 Audendum
562 2306 654 2344 est:
683 2303 821 2344 fortes
848 2302 1029 2344 adiuvat
1054 2301 1154 2355 ipsa
1179 2301 1343 2343 Venus.

207 2380 293 2422 Illa
320 2381 448 2422 favet.
477 2393 558 2421 seu
583 2379 684 2433 quis
708 2379 885 2421 iuvenis
912 2391 1031 2421 nova
1055 2379 1217 2421 limina
1242 2380 1445 2432 temptat,

270 2456 359 2500 Seu
383 2460 554 2499 reserat
577 2456 663 2499 fixo
691 2455 823 2498 dente
849 2456 1003 2511 puella
1027 2456 1174 2506 fores;

207 2534 294 2577 Illa
319 2534 449 2577 docet
474 2534 601 2576 molli
631 2534 786 2576 furtim
810 2534 1021 2589 derepere
1048 2534 1178 2584 lecto,

269 2612 356 2654 Illa
379 2611 537 2666 pedem
566 2610 694 2653 nullo
720 2623 891 2665 ponere
916 2625 1049 2666 posse
1077 2624 1214 2661 sono;

209 2688 295 2731 Illa
319 2689 415 2732 viro
441 2701 591 2730 coram
618 2690 756 2730 nutus
784 2689 987 2731 conferre
1014 2670 1225 2743 loquaces

269 2765 531 2820 Blandaque
557 2764 819 2819 compositis
844 2765 1006 2808 abdere
1033 2766 1167 2808 verba
1193 2766 1326 2808 notis.

1686 383 1728 407 70

1689 772 1729 796 75

1644 1133 1676 1168 Ι.
1695 1133 1731 1167 2.

1696 1851 1734 1876 10

1696 2240 1734 2265 1⁶

1696 2627 1736 2652 20
