1942 3132
282 189 353 224 324
878 207 1091 236 EXGURSUS
1113 208 1179 236 111.

442 317 553 360 Rura
582 322 712 361 colam
740 322 981 373 frugumque
1011 323 1142 362 aderit
1169 336 1261 366 mea
1286 324 1408 363 Delia
1435 326 1583 373 custos,

498 390 602 430 Area
631 392 728 432 dum
755 406 908 433 messes
937 396 1020 433 sole
1050 396 1207 433 calente
1236 396 1352 441 teret,

442 460 524 502 Aut
551 463 656 502 mihi
685 463 862 503 servabit
885 466 1023 514 plenis
1051 466 1099 503 in
1129 466 1324 504 lintribus
1351 478 1452 504 uvas

497 532 723 584 Pressaque
751 535 877 573 veloci
906 537 1091 575 candida
1118 540 1258 574 musta
1285 536 1400 585 pede,

443 602 690 644 Consuescet
717 617 932 644 numerare
961 618 1097 655 pecus,
1128 609 1365 645 consuescet
1394 607 1571 646 amantis

497 674 692 715 Garrulus
720 676 765 715 in
793 675 972 716 dominae
1001 676 1141 714 ludere
1171 689 1299 715 verna
1328 678 1430 716 sinu.

441 742 516 784 Illa
545 747 619 785 deo
648 747 748 785 sciet
777 748 973 796 ayricolae
1000 759 1074 796 pro
1103 747 1255 785 vitibus
1284 760 1419 795 uvam,

495 815 574 854 Pro
604 818 737 865 segete
764 818 910 867 spicas,
940 830 1014 867 pro
1044 830 1163 867 grege
1191 818 1296 856 ferre
1326 818 1486 868 dapem.

441 885 516 926 Illa
545 889 658 938 regat
686 889 864 934 cunctos,
893 887 955 926 1111
984 887 1067 926 sint
1095 889 1235 927 omnia
1264 901 1392 927 curae:

496 957 549 997 At
575 957 687 997 iuvet
713 958 759 996 in
787 960 875 997 tota
901 971 967 997 me
995 958 1102 996 nihil
1130 971 1216 997 esse
1247 958 1379 998 domo.

281 1088 380 1131 Hoc
404 1090 502 1132 loco
528 1090 659 1131 iterat
684 1102 748 1140 ea,
776 1102 870 1143 quae
891 1089 940 1131 in
960 1090 1106 1143 prima
1127 1090 1268 1143 elegia
1290 1090 1420 1132 dixit:
1445 1104 1490 1133 se
1512 1091 1604 1133 ruri
1625 1092 1770 1135 vivere
1795 1067 1803 1074 Ι

281 1165 394 1207 velle
422 1178 513 1207 una
539 1179 639 1208 cum
663 1166 794 1209 Delia
818 1167 865 1218 (I.
899 1168 933 1216 1,
963 1167 1162 1219 7—16.):

443 1283 533 1333 [pse
563 1295 703 1321 seram
723 1284 887 1322 teneras
914 1284 1075 1322 maturo
1104 1284 1287 1333 tempore
1315 1284 1419 1322 vites

494 1351 683 1392 Rusticus
712 1354 752 1391 et
779 1352 889 1392 facili
916 1353 1088 1402 grandia
1115 1366 1239 1404 poma
1266 1368 1415 1394 manu:

439 1422 522 1462 Neo
551 1422 651 1473 Spes
681 1423 885 1470 destituat,
916 1423 987 1462 sed
1013 1424 1175 1474 frugum
1204 1438 1365 1475 semper
1392 1438 1556 1465 acervos

493 1493 677 1533 Praebeat
705 1496 746 1533 et
768 1495 894 1544 pleno
918 1497 1105 1546 pinquia
1132 1501 1271 1535 musta
1301 1499 1406 1536 lacu.

441 1565 547 1604 Nam
575 1576 759 1610 veneror,
792 1577 862 1603 seu
892 1566 1016 1615 stipes
1043 1565 1168 1604 habet
1196 1566 1378 1605 desertus
1405 1567 1451 1605 in
1480 1569 1599 1616 agris,

497 1634 576 1674 Seu
604 1637 718 1674 vetus
746 1636 791 1673 in
819 1636 940 1674 trivio
969 1635 1116 1674 florida
1144 1638 1253 1675 serta
1279 1637 1406 1686 lapis;

439 1706 493 1745 Et
522 1706 802 1757 quodcumque
831 1707 935 1745 mihi
963 1719 1132 1756 pomum
1159 1720 1288 1746 novus
1319 1708 1465 1748 educat
1493 1722 1637 1756 annus,

492 1777 685 1817 Libatum
715 1779 910 1828 ayricolae
937 1778 1105 1828 ponitur
1134 1780 1229 1817 ante
1258 1781 1343 1818 deo.

440 1847 566 1886 Flava
596 1847 728 1894 Ceres,
758 1848 835 1887 tibi
862 1849 916 1887 sit
944 1851 1087 1888 nostro
1117 1849 1166 1888 de
1194 1862 1288 1887 rure
1318 1861 1470 1888 corona

494 1918 654 1968 Spicea,
686 1931 774 1969 quae
802 1920 946 1969 templi
973 1919 1151 1969 pendeat
1181 1923 1275 1959 ante
1303 1920 1424 1959 fores.

1933 1857 1942 1970 }

281 2083 341 2127 Cf.
372 2085 474 2126 ibid.
504 2085 550 2136 (I.
585 2086 637 2137 1.)
663 2099 747 2126 vss.
776 2087 978 2128 43—46:

440 2193 571 2234 Parva
599 2207 712 2244 seges
742 2197 840 2234 satis
870 2198 942 2242 est,
972 2197 1060 2234 tuto
1092 2198 1345 2247 requiescere
1373 2198 1477 2237 lecto

496 2265 538 2305 Si
567 2265 661 2304 licet
690 2268 729 2304 et
758 2267 878 2305 solito
907 2267 1091 2306 membra
1119 2268 1253 2306 levare
1282 2270 1387 2307 tovo.

442 2335 574 2384 Quam
602 2338 714 2376 iuvat
740 2339 922 2377 immites
950 2341 1096 2378 ventos
1125 2339 1265 2378 audire
1295 2340 1511 2379 cubantem

492 2407 546 2447 Et
573 2409 791 2447 dominam
817 2411 960 2449 tenero
990 2411 1244 2450 continuisse
1274 2412 1390 2457 sinu;

1939 2474 1942 2504 -..
1935 2450 1938 2451 =
1935 2182 1942 2434 „v—zn-“m-
1938 2169 1942 2173 .

283 2560 392 2603 adde
419 2561 466 2614 (Ι.
499 2562 553 2614 1.)
577 2575 665 2604 vss.
692 2563 890 2605 57—·58:

441 2647 534 2688 Non
562 2660 636 2698 ego
665 2648 823 2687 laudari
851 2657 959 2695 curo,
990 2663 1082 2690 mea
1110 2651 1230 2690 Delia
1246 2665 1259 2691 .·
1288 2654 1422 2691 tecum
1932 2654 1942 2678 ³¹

493 2717 604 2759 Dum
631 2718 754 2758 modo
784 2720 873 2766 sim,
905 2732 1052 2769 quaeso,
1083 2722 1218 2770 segnis
1245 2723 1438 2772 inersque
1465 2734 1595 2762 vocer.
