1942 3132
703 195 760 225 m
781 195 812 225 1.
834 193 869 234 7,
892 191 1059 224 ³9-32.
1566 177 1631 214 187

133 320 263 372 γένος,
291 313 493 374 εὑρούσης
531 317 604 372 μὲν
628 311 787 360 Ἴσιδος
824 314 891 354 τόν
930 325 972 352 τε
1009 315 1080 352 τοῦ
1117 315 1244 365 πυροῦ
1282 311 1354 351 καὶ
1381 316 1453 365 τῆς
1478 310 1631 366 κριθῆς

133 396 291 450 καρπόν
318 425 329 435 .
356 425 367 435 .
395 425 407 435 .
431 398 502 434 τοῦ
542 391 588 434 δὲ
627 387 836 445 Ὀσίριδος
879 387 1204 445 ἐπινοησαμένου
1249 389 1322 428 καὶ
1368 388 1438 442 τὴν
1484 386 1632 428 τούτων

134 473 410 528 κατεργασίαν
434 476 510 511 τῶν
534 473 714 523 καρπῶν.
739 490 797 494 -
823 463 1100 520 Memphiten
1135 463 1353 520 planyere
1390 462 1522 507 docta
1550 461 1631 505 bo-

135 561 251 603 vem,
274 550 406 603 poeta
430 546 603 589 videtur
639 543 805 586 imitari
833 542 1007 585 Gallim.
1033 543 1084 584 fr.
1118 542 1213 584 176.
1241 541 1322 589 (ed.
1351 539 1635 591 Schneider):

138 622 305 669 Εἰδυῖαν
331 624 479 682 φάλιον
514 628 663 678 ταῦρον
703 618 928 678 ἰηλεμίσαι.
953 620 1112 673 Agitur
1136 618 1190 660 de
1216 621 1344 661 tauro
1371 631 1508 667 sacro,
1534 616 1633 670 Api,

137 703 186 744 in
211 714 300 756 quo
325 701 522 743 animam
547 698 748 741 Osiridos
772 699 921 740 inesse
946 697 1166 752 putabant
1190 696 1422 751 Aegyptii3
1449 696 1501 737 cf.
1521 694 1633 736 Plin.

138 778 188 821 N.
215 778 270 821 H.
298 778 415 820 VIII.
442 778 527 820 46:
559 776 663 819 «bos
688 777 737 818 in
762 776 964 830 Aegypto
1003 768 1153 816 etiam'
1176 773 1379 815 numinis
1402 772 1498 815 vice
1529 771 1635 813 coli-

101 839 103 842 7
137 859 236 898 tur:
262 855 394 910 Apim
429 856 602 897 vocant.
630 853 730 895 Non
770 855 838 895 est
875 853 942 894 fas
980 866 1082 894 eum
1121 854 1264 894 certos
1289 852 1390 893 vitae
1429 848 1636 892 excedere

139 946 283 976 annos
307 945 590 986 mersumque
628 931 677 973 in
715 930 996 972 sacerdotum
1035 930 1159 971 fonte
1197 931 1385 970 enecant
1410 926 1638 982 quaesituri

137 1011 263 1053 luctu
288 1010 438 1059 alium,
472 1022 604 1064 quem
644 1009 930 1057 substituant,
960 1010 1016 1056 et,
1055 1006 1196 1049 donec
1233 1005 1502 1054 invenerint,
1534 1017 1637 1045 mae-

136 1090 239 1131 rent
285 1086 454 1130 derasis
504 1085 640 1128 etiam
690 1085 937 1139 capitibus:
983 1097 1066 1126 nec
1115 1086 1268 1125 tamen
1318 1095 1520 1137 unquam
1561 1080 1639 1124 diu

140 1165 359 1220 quaeritur,
400 1164 610 1205 inventus
647 1161 882 1204 deducitur
920 1160 1169 1215 Memphim
1212 1174 1236 1202 a
1287 1159 1617 1202 sacerdotibus»
1626 1173 1637 1208 3

138 1241 267 1284 Diod.
297 1240 380 1284 Sic.
420 1242 452 1283 L
495 1242 578 1284 85:
615 1248 689 1297 τῆς
716 1240 763 1282 δὲ
794 1245 865 1282 τοῦ
894 1241 990 1295 βόος
1029 1241 1171 1282 τούτου
1209 1245 1330 1296 τιμῆς
1369 1236 1501 1281 αἰτίαν
1533 1234 1641 1280 εἶναι

139 1323 311 1379 φέρουσι
358 1320 543 1373 λέγοντες
594 1316 653 1360 ὅτι
701 1318 1021 1375 τελευτήσαντος
1063 1315 1272 1374 Ὀσίριδος
1324 1313 1385 1364 εἰς
1436 1321 1574 1357 τοῦτον
1611 1313 1638 1373 ἡ

138 1398 250 1454 ψυχὴ
292 1399 489 1454 μετέστης
528 1396 620 1437 Iuv.
665 1394 754 1437 Sat.
787 1381 904 1437 VIII.
937 1396 1019 1437 29:
1064 1394 1283 1449 «populus
1321 1393 1439 1448 quod
1476 1393 1642 1434 clamat

140 1473 256 1516 Osiri
292 1473 526 1523 Invento»,
559 1473 638 1515 ubi
675 1472 816 1514 Osiris
856 1472 990 1526 Apim
1031 1470 1266 1525 significat.
1310 1495 1369 1499 ——
1409 1471 1643 1526 plaustro,

138 1551 289 1606 lugere
315 1550 583 1606 plangendo,
623 1564 730 1593 nam
768 1551 973 1605 lugentes
999 1552 1177 1605 pectora
1215 1549 1428 1604 plangere
1468 1548 1640 1596 solent;

140 1642 242 1672 cum
273 1630 539 1673 accusativo.
584 1632 633 1670 ut
660 1628 811 1671 Graece
855 1628 1011 1670 eodem
1050 1640 1186 1669 sensu
1221 1627 1464 1677 κόπτεσθαι,
1505 1627 1641 1668 τύπτε-

141 1707 246 1749 σθαί
284 1721 397 1756 τινα;
441 1706 494 1748 cf.
530 1704 677 1748 Germ.
712 1705 819 1748 Caes.
848 1706 966 1747 Arat.
1001 1706 1109 1746 198:
1156 1704 1414 1758 «planetum
1439 1703 1641 1744 relictam

141 1782 493 1825 Andromedam»
521 1786 565 1824 et
581 1781 690 1825 Stat.
709 1782 842 1824 Theb.
861 1782 935 1824 XI.
963 1783 1068 1824 117:
1101 1782 1348 1837 «plangunt
1365 1794 1452 1822 sua
1478 1781 1645 1823 damna.

142 1860 333 1902 coloni».

202 1937 251 1979 V.
281 1939 389 1979 :29—
401 1938 467 1979 32.
508 1935 697 1979 Primus
735 1937 899 1979 aratra
937 1948 1082 1978 manu
1120 1935 1294 1979 sollerti
1329 1934 1435 1992 fecit
1479 1932 1644 1989 Osiris,

144 2013 261 2069 quod
288 2012 428 2055 Graeei
466 2014 597 2067 vulgo
626 2013 775 2055 Cereri
812 2012 1094 2062 tribuebant;
1132 2014 1185 2054 cf.
1215 2011 1291 2054 Ov.
1319 2012 1424 2054 Met.
1452 2011 1502 2054 V.
1532 2012 1611 2054 341
1634 2028 1643 2053 :

150 2091 322 2133 «Prima
360 2089 493 2132 Ceres
530 2103 646 2132 unco
683 2089 859 2143 glebam
897 2089 1086 2131 dimovit
1124 2092 1313 2131 aratro».
1343 2114 1398 2117 —-
1425 2089 1647 2142 teneram,

144 2169 338 2217 mollem,
379 2170 430 2209 ut
467 2168 584 2209 infra
620 2167 675 2209 H.
705 2169 744 2215 6,
786 2169 867 2209 30:
900 2166 997 2210 «Sic
1036 2167 1149 2209 bene
1192 2166 1273 2208 sub
1314 2169 1468 2207 tenera
1508 2179 1646 2220 parva

147 2246 345 2301 quiescat
371 2246 551 2287 humo».
580 2245 643 2288 Cf.
672 2244 748 2287 Ov.
776 2245 872 2286 Am.
901 2244 956 2286 II.
991 2246 1054 2287 16.
1084 2246 1137 2287 6:
1171 2243 1250 2286 «Et
1280 2244 1393 2286 viret
1417 2243 1466 2285 in
1491 2246 1645 2285 tenero

146 2324 305 2366 fertilis
332 2323 466 2365 herba
495 2322 635 2372 solo·;
662 2322 754 2365 Cat.
783 2321 847 2364 De
874 2335 963 2376 agr.
992 2323 1062 2370 45,
1092 2323 1143 2364 :22
1176 2321 1324 2363 «locus
1349 2321 1518 2375 bipalio
1545 2320 1645 2362 sub-

146 2405 271 2444 actus
313 2401 397 2443 siet
438 2400 636 2454 beneque
678 2403 795 2441 terra
834 2402 989 2441 tenera
1029 2399 1154 2441 siet».
1182 2423 1240 2427 —
1266 2398 1405 2454 semo,
1440 2411 1646 2446 vomere;

147 2478 389 2534 opponitur
416 2480 578 2520 teneroe
603 2477 752 2518 humo.
768 2501 826 2505 —
850 2475 1127 2531 sollicitavit,
1151 2476 1344 2531 quietem
1371 2476 1468 2517 eius
1499 2474 1647 2516 turba-

147 2556 236 2605 vit;
262 2557 315 2598 cf.
343 2555 468 2608 Verg.
499 2552 577 2596 Ge.
604 2554 661 2595 H.
688 2553 803 2595 418:
835 2552 1152 2595 ·Sollieitanda
1190 2556 1340 2594 tamen
1378 2552 1510 2593 tellus
1548 2552 1647 2605 pul-

147 2633 301 2687 visque
326 2631 597 2674 movendus»
629 2633 674 2672 et
698 2629 775 2672 Ov.
802 2629 921 2672 Fast.
948 2629 1021 2672 IV.
1051 2631 1162 2672 396:
1192 2629 1336 2682 «Quos
1363 2629 1496 2671 tellus
1521 2628 1647 2670 nullo

150 2707 418 2750 sollicitante
457 2707 631 2749 dabat».
660 2731 717 2735 -—
743 2707 1006 2762 ineapertae,
1044 2719 1180 2748 sensu
1217 2706 1408 2760 passivo.
1437 2730 1494 2734 —-
1520 2717 1648 2747 com-
