1942 3132
876 237 907 266 1.
934 237 969 266 6.

286 353 359 395 Me
387 368 564 409 quoque
591 357 778 404 servato,
805 357 960 409 peccet
986 357 1036 396 ut
1060 355 1141 397 illa
1166 356 1295 398 nihil.

200 419 322 473 'Neu
347 432 535 475 iuvenes
561 432 756 475 celebret
781 432 924 475 multo
951 446 1171 482 sermone,
1200 437 1367 484 caveto,

286 508 406 551 Neve
432 510 568 553 cubet
590 511 691 553 laxo
716 512 874 566 pectus
900 512 1056 565 aperta
1082 511 1198 562 sinu,

226 585 324 628 Neu
349 590 394 629 te
421 586 615 642 decipiat
638 590 768 639 nutu,
794 587 1024 642 digitoque
1050 588 1272 643 liquorem

286 663 351 705 Ne
377 665 530 707 trahat
556 667 601 707 et
624 678 792 708 mensae
817 664 953 719 ducat
978 664 1027 706 in
1052 664 1159 706 orbe
1185 668 1330 708 notas.

226 740 377 783 Exibit
402 755 538 796 quam
565 755 694 796 saepe,
721 742 844 792 time,
875 755 956 784 seu
980 742 1124 784 visere
1152 741 1269 784 dicet

288 816 423 861 Sacra
446 818 583 860 Bonae
609 819 809 861 maribus
835 832 928 861 non
956 818 1163 861 adeunda
1188 819 1306 863 Deae.

225 895 284 936 At
308 895 422 937 mihi
450 895 488 937 si
514 894 681 945 credas,
709 895 837 937 illam
863 909 1026 950 sequar
1049 910 1170 939 unus
1196 896 1252 939 ad
1279 911 1404 940 aras:

288 970 410 1014 Tunc
436 972 550 1014 mihi
575 985 675 1014 non.
694 972 837 1015 oculis
864 973 924 1015 sit
948 973 1154 1016 timuisse
1179 974 1308 1016 meis.

227 1045 368 1104 Saepe,
395 1050 519 1092 velut
543 1063 745 1104 gemmas
772 1051 869 1093 eius
895 1051 1162 1105 signumque
1189 1051 1439 1106 probarem,

285 1126 370 1168 Per
394 1140 576 1169 causam
601 1128 790 1170 memini
815 1141 888 1169 me
913 1128 1116 1182 tetigisse
1143 1142 1356 1170 manum:

228 1201 355 1257 Saepe
381 1217 506 1246 mero
533 1218 742 1246 somnum
767 1205 923 1259 peperi
950 1204 1046 1254 tibi,
1075 1207 1121 1246 at
1146 1206 1243 1259 ipse
1269 1205 1476 1247 bibebam
1508 1246 1511 1249 ,

290 1279 448 1323 Sobria
474 1282 707 1336 supposita
731 1282 894 1336 pocula
918 1282 1062 1324 victor
1088 1295 1217 1337 aqua.

227 1357 327 1399 Non
355 1371 437 1413 ego
463 1361 507 1401 te
531 1358 629 1400 laesi
652 1358 877 1414 prudens:
905 1359 1087 1413 ignosce
1115 1359 1286 1401 fatenti.

289 1434 426 1477 Iussit
450 1435 612 1478 Amor:
640 1439 797 1478 contra
822 1436 922 1490 quis
947 1437 1063 1478 ferat
1088 1449 1213 1478 arma
1238 1435 1346 1478 deos
1361 1439 1383 1477 ‘2

222 1511 311 1554 Ille
338 1525 420 1566 ego
448 1526 562 1564 sum,
588 1526 671 1555 nec
697 1526 770 1555 me
796 1513 887 1555 iam
914 1512 1060 1554 dicere
1086 1526 1191 1555 vera
1215 1512 1415 1567 pudebit,

288 1587 494 1631 Instabat
519 1592 613 1632 tota
638 1590 707 1631 cui
736 1594 816 1632 tua
840 1595 972 1633 nocte
999 1591 1139 1633 canis.

230 1664 345 1718 Quid
373 1668 529 1710 tenera
554 1667 637 1709 tibi
662 1668 852 1722 coniuge
881 1671 1029 1723 opus?
1054 1668 1147 1710 Tua
1174 1669 1212 1711 si
1239 1669 1357 1711 bona
1383 1671 1532 1711 nescis

291 1742 489 1800 Servare,
517 1745 685 1787 frustra
709 1745 849 1787 clavis
874 1746 995 1788 inest
1020 1746 1203 1788 foribus.

230 1819 289 1861 Te
315 1824 451 1871 tenet,
481 1821 689 1864 absentes
717 1823 831 1864 alios
859 1824 1056 1877 suspirat
1081 1837 1256 1865 amores

291 1896 347 1939 Et
374 1899 557 1940 simulat
585 1899 731 1941 subito
758 1900 1044 1942 condoluisse
1072 1904 1217 1955 caput.

230 1973 288 2014 At
312 1974 427 2015 mihi
454 1975 719 2017 servandam
747 1975 924 2018 credas:
952 1990 1045 2018 non
1071 1990 1188 2019 saeva
1213 1991 1369 2020 recuso

292 2051 497 2100 Verbera,
526 2051 723 2094 detrecto
750 2066 843 2094 non
870 2066 952 2107 ego
978 2053 1127 2096 vincla
1152 2054 1330 2109 pedum.

231 2127 343 2170 Tum
370 2129 526 2182 procul
553 2128 724 2180 abestis,
751 2130 953 2184 quisquis
980 2131 1088 2172 colit
1113 2134 1207 2174 arte
1234 2133 1433 2187 capillos,

259 2251 263 2255 ,
291 2205 349 2247 Et
373 2205 475 2247 fluit.
500 2205 641 2248 effuso
668 2206 739 2248 cui
765 2210 871 2261 toga
895 2207 996 2250 laxa
1023 2208 1149 2250 sinu:

233 2284 445 2339 Quisquis
473 2287 516 2326 et
542 2287 756 2335 occurret,
782 2298 839 2326 ne
865 2285 1010 2340 possit
1034 2286 1204 2328 crimen
1230 2287 1409 2339 habere,

294 2361 390 2404 Stet
415 2362 572 2416 procul
599 2364 677 2403 aut
701 2362 792 2404 alia
817 2376 863 2404 se
892 2364 1067 2406 occulat
1091 2367 1195 2407 ante
1221 2366 1305 2408 via.

234 2440 306 2484 Sic
331 2441 427 2483 fieri
454 2442 578 2483 iubet
603 2442 701 2495 ipse
728 2441 849 2492 deus,
880 2443 942 2484 sic
968 2456 1133 2497 magna
1159 2444 1364 2486 sacerdos

292 2519 372 2561 Est
398 2518 512 2561 mihi
538 2518 691 2560 divino
716 2518 959 2562 vaticinata
984 2533 1107 2563 sono.

233 2595 340 2638 Haec
366 2595 443 2638 ubi
468 2595 667 2637 Bellonae
693 2597 821 2638 motu
846 2599 914 2638 est
939 2597 1119 2651 agitata,
1145 2611 1228 2640 nec
1255 2611 1402 2641 acrem

293 2672 559 2722 Flammam,
588 2685 681 2714 non
706 2685 862 2715 amens
886 2673 1070 2717 verbera
1096 2677 1214 2717 torta
1239 2676 1393 2718 timet:

234 2748 339 2803 Ipsa
363 2749 559 2804 bipenne
588 2762 692 2791 suos
717 2748 846 2792 caedit
868 2750 1067 2794 violenta
1093 2752 1284 2794 lacertos

246 2843 423 2878 Ne'methu:
441 2844 526 2872 Albii
547 2843 666 2871 Tibulli
683 2844 848 2872 camina.
1512 2838 1534 2866 3

1636 226 1687 261 :33

1718 1075 1754 1098 25

1716 2236 1756 2259 ⁴0
