1942 3132
754 216 811 246 An
830 216 879 245 n.
901 214 934 253 3,
960 213 1127 244 41-46.
1621 203 1693 236 :265

191 332 359 387 Digest,
384 334 448 383 10,
467 334 508 379 4,
528 334 579 375 9:
604 331 848 375 «Glandem
866 345 947 386 ego
973 332 1176 374 immisso
1201 345 1361 386 pecore
1387 329 1618 386 d'epasco».
1637 358 1682 362 —

194 409 313 466 lapis
350 412 583 463 eaeternus,
612 421 809 452 marmor
844 409 1142 463 peregrinum,
1170 411 1221 451 ut
1257 408 1392 464 Lygd.
1424 411 1461 452 3.
1497 411 1691 452 13—14:

199 487 392 540 «Quidve
418 486 577 530 domus
601 485 782 541 prodest
806 485 1010 541 Phrygiis
1048 487 1203 528 innixa
1233 486 1468 531 columnis.
1497 486 1690 532 Taenare,

194 564 284 606 sive
310 564 414 614 tuis,
441 564 546 614 sive,
574 563 768 618 Caryste,
794 564 926 606 tuis».
959 589 1014 593 —--
1039 563 1257 620 urbisque
1286 563 1527 616 tumultus,
1551 567 1694 606 terror

193 641 330 691 urbis,
355 641 490 695 iunge
515 654 616 683 cum
653 640 898 693 columna;
932 654 1183 683 marmorea
1221 641 1442 690 columna,
1483 654 1584 682 cum
1616 655 1695 695 per

193 719 314 760 vicos
351 718 708 760 intremiscentes
745 719 960 772 portatur,
989 720 1203 760 terrorem
1240 718 1368 759 inicit
1394 717 1506 767 urbi,
1536 731 1591 759 ne
1619 717 1692 759 do-

154 833 158 837 ,
194 807 294 836 mus
318 795 368 836 in
393 794 535 837 altum
568 797 811 840 exstructae.
840 794 918 836 sed
955 794 1073 836 male
1112 793 1337 837 aedificatae
1376 796 1612 843 corruant3
1639 796 1692 836 cf.

194 870 305 913 Plin.
333 871 544 926 Panegyr.
573 873 654 914 51:
689 872 868 926 «Itaque
894 885 987 914 non
1012 874 1063 913 ut
1101 875 1204 914 ante
1243 873 1511 914 immanium
1549 874 1694 913 trans-

193 950 395 991 vectione
421 962 627 991 saxornm
653 948 776 991 urbis
813 951 930 991 tecta
966 949 1240 1003 quatiuntur,
1270 952 1392 991 stant
1429 963 1593 991 securae
1619 948 1695 990 do-

194 1040 319 1068 mus»
351 1029 395 1069 et
435 1026 586 1070 Senec.
630 1026 836 1069 Controv.
880 1029 931 1068 9:
977 1026 1143 1068 «Tanta
1179 1027 1368 1069 altitudo
1410 1026 1694 1068 aedificiorum

195 1105 274 1151 est,
302 1105 352 1144 ut
389 1116 533 1156 neque
571 1102 783 1145 adversus
820 1103 970 1156 ignem
1006 1102 1264 1157 praesidium
1303 1116 1447 1157 neque
1475 1117 1528 1144 ex
1552 1103 1697 1144 ruinis

194 1178 337 1221 ullum
351 1178 399 1220 in
414 1178 556 1220 ullam
570 1181 744 1233 partem
761 1178 974 1234 effugium
992 1179 1091 1222 sit».
1110 1204 1166 1209 -—
1179 1179 1306 1222 mille
1323 1179 1541 1223 columna
1557 1178 1697 1235 iuyis,

192 1258 430 1310 portantur
474 1256 692 1298 columnae
738 1270 997 1299 marmoreae
1043 1258 1167 1299 mille
1213 1259 1342 1312 iugis,
1390 1257 1418 1300 i.
1463 1271 1498 1300 e.
1542 1258 1696 1299 mthis

194 1333 433 1382 iumentis3
460 1333 544 1374 hoc
570 1333 668 1375 loco
694 1334 907 1377 columna
946 1335 1130 1389 ponitur
1155 1348 1236 1389 pro
1262 1335 1437 1388 plurali,
1466 1337 1517 1376 ut
1543 1333 1694 1377 Senec.

194 1410 273 1465 Ep.
302 1411 372 1460 90,
400 1411 452 1454 9:
486 1410 600 1453 «Nec
624 1411 673 1452 in
698 1411 819 1453 hunc
844 1425 977 1455 usum
1001 1412 1136 1467 pinus
1162 1415 1240 1454 aut
1266 1413 1389 1455 abies
1415 1411 1698 1454 deferebatur

194 1489 328 1542 longo
369 1488 676 1531 vehiculorum
718 1489 917 1539 ordinm:
957 1491 1009 1532 cf.
1055 1490 1191 1532 etiam
1231 1490 1330 1532 adn.
1371 1489 1427 1532 ad
1462 1489 1495 1532 L
1538 1491 1576 1539 3,
1611 1490 1693 1531 87:

200 1566 416 1620 upuella».
456 1591 514 1594 —
551 1565 678 1608 mille
720 1600 729 1607 .
759 1600 768 1608 .
798 1600 807 1608 .
836 1566 974 1622 iu9is‚
1014 1567 1169 1621 iugum
1210 1568 1295 1609 hoc
1335 1568 1434 1609 loco
1476 1566 1697 1621 significat

195 1658 277 1699 par
312 1645 448 1686 boum
486 1658 627 1686 unum
666 1645 821 1699 iugum
860 1645 972 1687 ferre
1012 1645 1208 1694 solitum,
1237 1648 1287 1687 ut
1325 1658 1460 1700 supra
1485 1644 1541 1686 Π.
1577 1646 1611 1694 1,
1642 1645 1693 1686 7:

202 1720 392 1764 «Solvite
430 1722 578 1763 vincla
614 1722 776 1775 iugis»;
815 1723 868 1763 cf.
899 1721 998 1764 adn.
1028 1722 1084 1764 ad
1110 1723 1151 1764 h.
1180 1723 1208 1764 L
1238 1725 1282 1764 et
1308 1722 1436 1776 Prop.
1464 1722 1542 1763 ΠΙ.
1572 1723 1612 1771 5,
1641 1723 1693 1764 5:

202 1799 315 1840 «Nec
355 1799 468 1840 mihi
508 1799 633 1840 mille
674 1799 791 1853 iugis
832 1798 1079 1854 Campania
1118 1800 1302 1854 pinguis
1343 1802 1536 1841 aratur».
1579 1799 1695 1853 Ergo

196 1874 363 1918 validis
388 1875 527 1932 iuqis,
551 1879 601 1917 ut
627 1888 762 1930 supra
785 1876 841 1918 IL
872 1878 910 1925 2,
943 1877 1020 1918 14:
1054 1876 1225 1918 «valido
1251 1877 1404 1919 bove».
1424 1901 1482 1905 —
1510 1874 1699 1919 claudit

198 1955 239 1996 et
264 1952 543 1996 indomitum
568 1953 711 1996 moles
737 1966 880 2007 mare,
905 1954 1052 2008 agitur
1077 1953 1129 1996 de
1155 1954 1341 2008 piscinis
1372 1954 1571 2004 marinis,
1600 1967 1696 2010 quae

197 2030 424 2072 caementis
450 2030 499 2071 in
523 2029 664 2072 altum
691 2030 819 2072 iactis
856 2030 1177 2075 claudebantur
1208 2030 1643 2086 defendebantur-que
1670 2045 1696 2073 a

196 2107 318 2150 rabie
359 2107 497 2150 maris
542 2107 698 2162 aperti,
744 2110 795 2150 ut
835 2108 990 2163 quovis
1030 2110 1230 2163 tempore
1267 2108 1695 2162 pretiosissimorum

195 2185 385 2240 piscium
425 2185 555 2239 copia
593 2185 851 2228 hominibus
887 2185 1128 2242 luxuriosis
1165 2188 1445 2240 suppeteret;
1484 2186 1536 2228 cf.
1571 2185 1693 2227 Varr.

197 2261 272 2303 De·
289 2276 335 2304 re
362 2265 468 2304 rust.
498 2262 574 2304 HL
609 2263 673 2314 17,
703 2264 753 2305 2:
787 2276 912 2305 «cum
948 2263 1223 2318 piscinarum
1261 2277 1424 2318 genera
1464 2264 1555 2305 sint
1591 2263 1692 2313 duo,

197 2338 394 2381 dulcium
433 2341 477 2380 et
517 2339 749 2390 salsarum,
788 2340 978 2382 alterum
1018 2339 1137 2394 apud
1176 2340 1352 2394 plebem
1385 2343 1430 2382 et
1465 2354 1558 2383 non
1600 2342 1695 2383 sine

198 2416 343 2458 fructu
368 2448 378 2458 .
406 2449 416 2457 .
444 2449 455 2458 .
483 2416 571 2458 111ae
597 2418 746 2459 autem
782 2416 1017 2459 maritimae
1053 2417 1236 2471 piscinae
1274 2417 1507 2468 nobilium,
1537 2418 1695 2473 quibus

198 2492 433 2547 Neptunus
471 2495 516 2535 et
553 2506 715 2548 aquam
740 2497 786 2536 et
809 2495 951 2549 pisces
988 2495 1228 2544 ministrat,
1267 2495 1411 2550 magis
1449 2495 1506 2538 ad
1543 2496 1696 2537 oculos

198 2570 406 2624 pertinet,
434 2583 570 2624 quam
607 2569 664 2612 ad
688 2572 895 2621 vesicam,
935 2574 979 2614 et
1003 2572 1155 2626 potius
1192 2572 1487 2627 marsippium
1526 2572 1696 2614 domini

201 2647 476 2698 exinaniunt,
494 2661 627 2702 quam
652 2649 854 2703 implent.
872 2649 1071 2692 Primum
1089 2651 1209 2692 enim
1226 2650 1503 2692 aedificantur
1518 2663 1694 2704 magum

201 2723 394 2766 secundo
419 2724 667 2778 implentur
690 2738 868 2780 magno,
893 2727 1026 2769 tertio
1053 2728 1235 2769 aluntur
1272 2740 1479 2782 magno».
1508 2753 1559 2755 ---
1592 2739 1693 2769 vmo-
