1942 3132
252 186 320 221 136
724 210 727 214 -
822 201 878 230 An
900 202 930 230 1.
956 200 987 239 1,
1012 199 1179 230 ιιι-44.

250 315 343 358 Liv.
392 315 547 358 XXVI.
599 318 681 359 36:
729 318 926 370 «argenti
952 350 963 360 .
992 351 1002 360 .
1031 350 1041 360 .
1070 317 1206 359 libras
1253 318 1416 371 pondo,
1463 320 1515 359 ut
1560 318 1754 360 salinum

250 393 550 447 patellamque
578 393 764 435 deorum
790 406 924 435 causa
950 394 1112 436 habere
1138 395 1355 447 possint».
1385 394 1591 436 Ceterum
1620 395 1755 436 etiam

250 468 466 511 Horatius
507 469 717 512 fictilibus
755 469 923 520 libavit,
951 473 1003 512 ut
1040 472 1184 513 elucet
1211 485 1262 512 ex
1289 470 1376 513 Sat.
1405 471 1438 513 I.
1468 473 1507 521 6,
1541 472 1653 522 118.‚
1679 471 1756 513 ubi

251 558 454 587 mensam
495 560 622 587 suam
662 546 896 589 describit:
942 548 1149 589 «adstat.
1177 580 1187 590 .
1217 581 1226 589 .
1256 561 1358 589 cum
1396 550 1551 601 patera
1589 550 1755 602 guttus,

252 620 482 676 Campana
508 622 730 676 supellex»
761 624 788 665 i.
821 637 855 665 e.
884 638 992 666 vasa
1015 623 1245 678 Campana
1269 623 1434 665 fictilia.
1454 649 1513 653 —-
1533 624 1693 679 puris.
1714 657 1724 666 .
1744 658 1754 666 .

251 698 478 753 fictilibus,
526 713 662 740 sensu
702 700 939 754 religioso:
981 702 1179 742 humano
1226 714 1311 742 usu
1356 714 1450 742 non
1496 701 1757 755 inquinatis,

250 789 356 816 nam
383 775 557 817 homini
586 790 608 817 e
634 779 789 829 patera
814 770 980 826 bibere,v
1009 791 1061 818 ex
1085 778 1254 831 patella
1282 777 1410 819 edere
1437 790 1530 818 non
1570 777 1733 819 licebat
1748 792 1758 827 ;

253 850 338 893 Cic.
366 851 431 892 De
457 851 531 893 fin.
560 852 616 894 H.
659 854 728 894 22.
763 853 938 908 «Atqui'
958 855 1234 907 reperiemus
1274 855 1423 895 asotos
1460 854 1659 908 primum
1697 855 1760 895 ita

251 941 343 969 non
383 929 630 981 religiosos,
671 932 721 971 ut
762 929 887 971 edint
929 930 980 971 de
1021 931 1230 984 patella».
1259 955 1316 959 —-
1354 928 1408 972 de
1454 929 1586 986 facili
1632 943 1757 973 com-

247 1004 492 1060 posuitque
536 1006 643 1055 luto,
688 1006 740 1047 de
783 1006 1080 1047 collocatione
1122 1007 1453 1048 coniunctionis
1498 1019 1614 1061 -que
1661 1007 1761 1048 vide

253 1081 353 1123 adn.
398 1095 534 1135 supra
576 1082 632 1123 ad
669 1082 702 1123 I.
750 1084 814 1132 10,
847 1083 928 1125 51:
963 1082 1197 1125 «Rusticus
1225 1097 1247 1125 e
1273 1085 1504 1139 lucoque».
1533 1109 1591 1113 ——
1617 1083 1760 1140 facili,

255 1158 371 1212 quod
398 1159 528 1200 facile
554 1157 662 1212 fingi
688 1161 848 1212 potest.

310 1235 359 1277 V.
386 1236 578 1277 41—44.
607 1233 713 1278 Non
741 1248 820 1291 390
848 1234 1036 1278 divitias
1055 1236 1248 1291 patrum
1272 1236 1539 1293 fructusque
1564 1238 1761 1292 requiro,

259 1311 383 1363 Quos
411 1311 515 1354 tulit
542 1311 733 1367 antiquo
759 1311 943 1354 condita
968 1312 1134 1355 messis
1161 1325 1259 1365 avo,
1287 1313 1423 1363 vides,
1444 1327 1543 1354 cum
1563 1313 1764 1354 Tibullus

258 1388 310 1429 de
349 1388 518 1429 divitiis
560 1389 782 1430 maiorum
822 1388 944 1430 etde
972 1389 1154 1443 antiquo
1194 1403 1275 1432 avo
1313 1391 1533 1444 loquatur,
1562 1403 1655 1431 non
1686 1403 1763 1443 po-

261 1464 401 1506 tuisse
429 1478 543 1514 eum,
572 1467 624 1506 ut
650 1464 832 1518 quidam
857 1465 1028 1515 volunt,
1057 1467 1210 1519 paucis
1238 1467 1370 1508 annis
1398 1469 1515 1516 ante,
1542 1467 1590 1508 in
1616 1466 1763 1507 distri-

259 1541 442 1583 butione
470 1555 680 1595 agrorum
711 1542 830 1583 inter
853 1543 1089 1585 veteranos
1122 1557 1240 1585 anno
1267 1545 1338 1585 41.
1367 1557 1403 1585 a.
1434 1542 1534 1585 Chr.
1562 1557 1604 1585 n.
1635 1543 1764 1592 facta,

259 1621 432 1672 partem
459 1618 552 1672 agri
578 1619 757 1672 paterni
783 1620 1013 1669 amittere;
1039 1633 1133 1661 non
1159 1620 1360 1662 Tibullus
1385 1620 1481 1673 ipse
1521 1619 1606 1661 fuit
1630 1619 1768 1681 igitur

262 1695 396 1736 ditior
423 1695 545 1746 olim,
574 1695 652 1737 sed
688 1698 838 1749 patres
873 1696 981 1737 eius.
1010 1721 1068 1724 —
1094 1696 1285 1752 antiquo
1312 1731 1320 1738 .
1352 1729 1361 1738 .
1391 1731 1399 1738 .
1429 1708 1531 1750 avo,
1556 1699 1606 1737 ut
1632 1709 1766 1749 supra

261 1770 295 1812 L
328 1772 393 1819 10,
427 1772 506 1813 18:
541 1772 728 1813 «veteris
755 1771 870 1822 avi»;
896 1774 949 1814 cf.
981 1772 1079 1814 adn.
1109 1772 1165 1813 ad
1190 1773 1232 1814 h.
1256 1772 1284 1814 1.
1303 1797 1362 1801 —
1379 1771 1565 1815 condita
1589 1771 1763 1821 messis,

264 1847 538 1889 frumentum
565 1848 613 1889 in
639 1848 800 1890 horreo
827 1848 1083 1900 conditum3
1110 1850 1163 1891 cf.
1192 1848 1300 1890 Hor.
1320 1848 1462 1891 Carm.
1482 1848 1516 1890 I.
1536 1848 1576 1898 7,
1595 1849 1764 1890 9-1οε

269 1924 331 1965 «si
367 1924 550 1978 proprio
578 1924 768 1966 conditit
793 1925 966 1975 horreo,
1008 1925 1233 1979 Quidquid
1270 1925 1324 1967 de
1361 1925 1538 1978 Libycis
1576 1925 1767 1966 verritur

266 2001 423 2043 areis».
451 2025 511 2029 —ss
537 2002 631 2043 tuto
662 1986 944 2056 requiescere
971 2002 1081 2045 lecto
1108 2001 1160 2046 Si
1187 2001 1288 2044 licet
1315 2004 1354 2044 et
1387 2001 1520 2045 solito
1557 2000 1764 2043 membra

268 2077 413 2120 levare
439 2078 549 2128 toro,
579 2078 634 2119 cf.
664 2077 822 2120 catull.
855 2080 923 2128 31,
954 2079 992 2120 8.
1024 2092 1143 2133 sqq.:
1176 2069 1434 2132 «peregrino
1461 2078 1633 2120 Labore
1659 2078 1766 2120 fessi

263 2154 469 2196 venimus
508 2154 670 2196 Larem
708 2155 763 2196 ad
804 2157 1010 2197 nostrum
1050 2155 1398 2210 Desideratoque
1440 2154 1766 2209 adquiescimus

263 2231 421 2272 lecto».
445 2255 499 2259 —
518 2233 612 2274 tuto
639 2264 650 2273 .
680 2265 688 2274 .
718 2265 728 2273 .
759 2231 885 2285 lecto,
902 2234 998 2273 tuto
1026 2232 1080 2273 ab
1106 2232 1362 2274 incursione
1389 2232 1598 2281 hostium,
1619 2244 1644 2272 a
1660 2245 1764 2272 ven·

264 2307 323 2348 tis
351 2309 394 2348 et
417 2307 582 2361 pluviis
598 2323 607 2358 3
636 2309 688 2350 cf.
719 2322 852 2362 supra
877 2323 939 2350 vs.
968 2310 1022 2351 4:
1055 2309 1239 2351 «Martia
1265 2309 1336 2350 cui
1375 2321 1556 2350 somnos
1581 2307 1766 2350 classica

264 2383 395 2437 pulsa
439 2384 619 2436 fugent»
673 2387 717 2426 et
762 2385 879 2427 infra
916 2398 979 2427 vs.
1019 2386 1208 2428 45—-47,
1251 2387 1295 2427 et
1339 2384 1559 2439 imprimis
1590 2397 1653 2425 VS.
1680 2385 1765 2426 48:

272 2457 518 2502 «Securum
561 2474 744 2503 somnos
783 2462 926 2503 imbre
958 2463 1139 2504 iuvante
1179 2462 1357 2516 sequi»;
1398 2463 1453 2503 cf.
1495 2461 1629 2502 etiam
1655 2458 1763 2501 Hor.

269 2534 360 2578 Sat.
386 2535 443 2577 Π.
473 2538 513 2585 6,
546 2538 803 2580 116-—1172
834 2552 929 2580 «me
957 2539 1069 2580 silva
1095 2552 1316 2593 cavusque
1340 2537 1481 2580 Tutus
1507 2536 1561 2577 ab
1587 2535 1765 2578 insidiis

267 2613 393 2654 tenui
420 2613 638 2655 solabitur
665 2628 811 2656 ervo».
842 2614 1048 2657 Ceterum
1076 2618 1170 2658 tuto
1190 2618 1257 2657 est
1281 2628 1381 2657 mea
1402 2615 1657 2657 coniectura
1672 2629 1682 2664 ;
1710 2616 1763 2657 cf.

266 2689 386 2731 infra
411 2689 511 2731 adn.
540 2689 633 2731 crit.
664 2690 719 2731 ad
746 2691 787 2732 h.
816 2691 844 2733 1.
874 2716 931 2720 —
956 2693 1235 2747 requiescere
1255 2691 1380 2745 lecto,
1396 2690 1550 2732 eadem
1566 2691 1702 2733 verba
1717 2691 1766 2733 in
