1942 3132
800 199 858 229 m
877 199 909 229 1.
934 197 968 237 1,
992 197 1159 229 59—68.
1672 185 1738 222 139

224 314 359 363 laudi.
387 329 481 358 non
508 319 643 359 natus
666 316 858 360 idoneus
883 316 1062 360 armis».
1089 341 1150 346 —
1174 317 1326 374 scynis
1352 316 1566 373 inersque
1594 329 1735 370 vocer,-

224 393 419 435 libenter
444 394 613 449 accipio
639 407 807 437 nomen
831 393 1003 436 inertis.

218 452 231 460 ‘
284 469 333 512 V.
369 471 560 513 59—64.
616 470 675 514 Te
721 473 899 514 teneam
943 470 1147 514 moriens
1195 469 1430 527 deficiente
1475 484 1634 521 manu,
1684 472 1738 514 ad

225 546 346 588 hunc
372 561 553 590 versum
580 547 740 590 alludit
765 546 843 591 Ov.
869 547 968 590 Am.
995 547 1075 590 ΠΙ.
1105 550 1145 597 9,
1174 549 1260 591 58:
1293 548 1392 591 «Me
1419 549 1566 590 tenuit
1603 550 1737 590 mori-

225 637 306 665 ens
332 623 566 667 deficiente
591 638 775 675 menan:
812 625 864 667 cf.
894 625 1030 668 etiam
1055 624 1292 680 Damageti
1319 625 1455 680 epigr.
1483 626 1618 667 Anth.
1646 625 1735 668 Pal.

223 700 318 743 VII.
340 702 438 752 735,
459 702 577 744 5—ss
592 718 603 745 ε
618 698 761 758 Αὐτὰρ
784 700 884 758 ἐμεῦ
910 701 1116 759 σχεδόθεν
1143 706 1272 759 μόρος
1297 700 1473 753 ἵσταται,
1502 701 1559 750 ὡς
1587 702 1737 760 ὄφελόν

224 793 269 832 γε
298 778 419 836 Χειρὶ
445 780 568 837 φίλην
594 781 667 837 τὴν
693 781 769 837 σὴν
794 780 1136 837 χεῖραλαβοῦσα
1175 781 1338 823 θανεῖν.
1363 805 1423 808 -—
1450 792 1619 822 arsuro
1647 813 1657 822 .
1685 813 1696 822 .
1725 813 1735 821 .

225 855 349 906 lecto,
378 858 605 908 feretrum,
633 856 751 910 quod
777 869 870 899 una
894 870 996 899 cum
1034 859 1214 899 mortuo
1233 851 1289 899 'in
1314 870 1422 910 rogo
1450 857 1737 899 combureba-

224 935 322 983 tur3
361 935 414 976 cf.
455 933 532 976 Ov.
574 933 681 976 Met.
714 933 828 976 XIV.
873 933 986 976 747:
1019 933 1297 989 «Luridaque
1339 948 1494 976 arsuro
1531 934 1740 989 portabat

224 1010 426 1052 membra
466 1011 670 1054 feretro».
704 1035 763 1040 —-
797 1009 1026 1055 Tristibus
1065 1012 1106 1054 et
1143 1010 1352 1054 lacrimis
1391 1011 1547 1054 oscula
1585 1010 1739 1054 mioeta

223 1085 375 1136 dabis,
404 1088 457 1130 cf.
485 1088 614 1142 Pr0p.
642 1087 698 1130 II.
732 1089 799 1138 13,⁴
827 1089 897 1131 29.
926 1087 981 1130 de
1021 1087 1241 1142 Cynthia:
1275 1087 1550 1143 «Osculaque
1577 1089 1626 1131 in
1664 1102 1737 1142 ge·-

223 1163 328 1206 lidie
353 1178 499 1219 pones
525 1178 732 1220 suprema
756 1165 980 1208 labellis».
1003 1189 1063 1194 -·
1091 1177 1186 1208 non
1224 1166 1307 1209 tua
1333 1166 1442 1208 sunt
1468 1164 1585 1208 duro
1606 1178 1735 1222 praefi.-

223 1239 386 1284 cordia
424 1241 547 1298 ferro
582 1240 744 1286 Vincta
783 1254 864 1285 nec
902 1242 955 1285 in
993 1244 1145 1285 tenero
1185 1244 1277 1286 stat
1315 1242 1400 1285 tibi
1430 1241 1566 1286 corde
1604 1243 1735 1293 silex,

223 1319 373 1360 locum
411 1319 613 1362 imitatur
651 1318 729 1362 Ov.
757 1319 823 1361 Ex
858 1320 986 1362 Pont.
1026 1319 1099 1363 IV.
1145 1321 1211 1370 12,
1243 1322 1447 1363 31——322
1481 1320 1616 1363 «duro
1656 1321 1737 1363 tibi

222 1397 406 1450 pectora
429 1397 563 1440 ³ferro
603 1397 714 1440 Esse
745 1398 817 1439 vel
857 1397 1025 1440 invicto
1064 1398 1217 1439 clausa
1258 1397 1498 1440 adamante
1535 1401 1736 1452 putem».

223 1472 329 1515 Met.
373 1474 447 1517 IX.
492 1475 755 1530 614—615:
789 1474 902 1522 «Nec
947 1474 1115 1529 rigidos
1162 1475 1311 1517 silices
1358 1475 1645 1531 solidumque
1690 1476 1738 1517 in

222 1553 402 1604 pectore
429 1552 597 1594 sermm
621 1552 711 1594 Aut
737 1551 978 1594 adamanta
1014 1552 1171 1606 gerit»,
1200 1552 1330 1594 Trist.
1363 1552 1442 1595 III.
1478 1554 1544 1604 11,
1570 1554 1626 1595 4:
1660 1552 1739 1595 «Et

223 1626 370 1670 dicam
409 1629 558 1670 silices
595 1634 751 1683 pectus
789 1629 954 1671 habere
993 1631 1167 1679 tuum»,
1195 1629 1294 1672 Am.
1334 1630 1414 1672 HL
1445 1631 1484 1679 6,
1514 1632 1598 1673 59:
1632 1630 1738 1672 «Ille

224 1705 361 1748 habet
385 1709 430 1748 et
456 1706 604 1748 silices
632 1709 676 1748 et
700 1707 854 1749 vivum
878 1706 928 1748 in
952 1709 1133 1760 pectore
1161 1707 1330 1749 sermm
1340 1723 1374 1756 »‚
1402 1707 1510 1750 Met.
1529 1706 1624 1750 VH.
1656 1708 1737 1749 33:

231 1782 367 1825 «Tum
393 1784 558 1826 ferrum
586 1787 630 1826 et
656 1785 866 1838 scopulos
904 1787 1077 1837 gestare
1115 1784 1166 1827 in
1192 1784 1323 1827 corde
1362 1784 1578 1834 fatebor»,
1608 1784 1735 1826 Trist.

224 1859 258 1902 L
289 1860 328 1910 8,
357 1861 561 1903 41--42ε
590 1861 670 1904 «Et
706 1864 784 1904 tua
823 1865 930 1904 sunt
967 1862 1108 1904 silicis
1139 1862 1307 1904 circum
1343 1861 1589 1916 praecordia
1614 1874 1737 1903 venae

224 1937 281 1979 Et
308 1937 501 1991 rigidum
527 1938 632 1980 ferri
659 1938 834 1980 semina
858 1940 1013 1992 pectus
1039 1937 1216 1981 habet».
1245 1963 1304 1967 —
1323 1936 1589 1994 praecordia
1613 1937 1736 1994 ferro

235 2014 408 2064 Vincta,
450 2018 606 2069 pectus
647 2015 763 2056 ferro
805 2015 1043 2064 inclusum,
1082 2017 1133 2057 ut·
1171 2013 1248 2058 Ov.
1288 2015 1354 2057 Ex
1389 2014 1518 2057 Pont.
1557 2014 1630 2057 IV.
1671 2016 1734 2066 12,

226 2093 429 2134 31-322
474 2095 678 2146 «pectora
714 2092 882 2133 invicto
921 2092 1074 2134 clausa
1111 2091 1392 2135 adamante».
1433 2117 1492 2121 —
1530 2094 1621 2136 stat
1639 2125 1657 2135 ..
1685 2125 1696 2134 .
1723 2124 1735 2136 .

227 2169 359 2219 silem,
388 2170 576 2212 immota
610 2172 688 2218 est,
716 2169 840 2223 riget,
869 2172 919 2211 ut
956 2169 1075 2211 infra
1099 2169 1156 2212 IL
1184 2171 1226 2219 4,
1255 2172 1309 2212 9:
1343 2168 1493 2211 «Stare
1520 2170 1591 2212 vel
1616 2170 1735 2211 insa-

226 2247 298 2288 nis
330 2250 483 2288 cautes
522 2246 714 2288 obnoxia
739 2246 910 2288 ventis»
956 2249 1001 2288 et
1024 2246 1152 2301 Verg.
1180 2246 1289 2290 Aen.
1317 2247 1390 2289 VL
1418 2247 1534 2290 472:
1568 2247 1736 2300 «Quam

226 2324 263 2365 si
290 2323 402 2365 dura
429 2324 537 2365 silex
564 2326 640 2365 aut
668 2325 754 2365 stet
777 2323 1004 2378 Marpesia
1028 2326 1221 2367 cautes».

286 2400 334 2442 V.
365 2401 554 2442 65e68.
582 2413 677 2444 non
702 2400 880 2444 iuvenis
906 2433 916 2442 .
946 2434 957 2443 .
987 2434 997 2444 .
1025 2410 1118 2449 non
1144 2401 1286 2458 virgo,
1306 2403 1382 2456 qui
1408 2401 1588 2444 fidelem
1615 2408 1735 2444 ama·

224 2480 369 2520 torem
396 2480 624 2519 mortuum
650 2490 741 2519 una
766 2491 868 2521 cum
893 2478 1022 2520 Delia
1047 2480 1215 2533 lugent.
1243 2504 1302 2508 —
1329 2491 1491 2522 manes
1528 2492 1585 2522 ne
1623 2478 1737 2523 laede

225 2567 364 2604 meos,
392 2569 497 2597 nam
532 2568 688 2596 manes
726 2554 951 2598 laeduntur
986 2555 1227 2598 immodico
1265 2557 1414 2606 luctu3
1453 2557 1506 2599 cf.
1549 2555 1736 2610 Sulpicii

225 2633 581 2674 consolationem
609 2631 664 2673 ad
690 2631 950 2676 Ciceronem
974 2622 1069 2689 (Ep.
1098 2634 1154 2676 ad
1179 2634 1302 2676 Fam.
1331 2634 1403 2677 IV.
1429 2637 1468 2683 5,
1490 2636 1572 2687 6.);
1594 2634 1735 2689 «quod

227 2709 261 2751 si
291 2710 368 2764 qui
394 2710 531 2752 etiam
557 2710 712 2752 inferis
751 2723 909 2753 sensus
947 2714 1027 2762 est,
1055 2711 1131 2766 qui
1169 2711 1292 2754 illius
1317 2714 1391 2764 (sc.
1420 2711 1592 2762 Tulliae)
1617 2712 1666 2752 in
1691 2715 1733 2752 te
