1942 3132
707 248 766 278 u>
786 249 818 278 1.
841 246 877 286 s,
900 246 1068 277 53—64.
1602 233 1650 268 95

135 366 351 410 «Exorata
365 367 480 410 meis
495 399 507 410 .
526 399 536 410 .
564 399 576 410 .
605 365 826 422 Cytherea
839 365 1092 416 Camenis»,
1121 365 1199 407 ubi
1222 365 1429 408 Camenae
1447 368 1649 410 earmina

132 442 340 499 Sulpiciae
367 445 588 487 amatoria
613 443 879 499 significant.
907 443 958 485 V.
988 443 1125 485 etiam
1167 442 1268 486 adn.
1298 456 1435 498 supra
1460 444 1515 485 ad
1543 445 1574 486 L
1603 445 1644 495 4,

131 522 184 564 61
205 538 215 564 :
248 521 514 564 «Pieridas».
543 546 602 551 ——
622 519 779 576 pudet,
808 520 1021 563 similiter
1046 520 1155 562 dicit
1173 520 1300 574 Prop.
1318 521 1396 562 III.
1416 522 1486 571 024,
1503 523 1646 565 3—4:

137 599 320 640 «Noster
346 611 474 640 amor
497 598 613 654 tales
653 598 818 640 cecinit
853 597 947 647 tibi,
985 597 1192 651 Cynthia,
1222 598 1406 639 laudes:
1434 598 1647 641 Versibus

129 675 354 729 insignem
375 678 420 718 te
435 675 574 730 pudet
589 688 688 718 esse
703 676 860 717 meis».
878 700 937 704 -—
953 673 1044 718 Illa
1060 674 1194 718 >velim
1212 673 1384 730 rapida
1415 674 1646 718 Vulcanus

129 753 341 796 carmina
379 755 573 809 flamma
617 750 807 796 Torreat
843 754 884 795 el
924 751 1106 808 liquida
1145 751 1296 795 deleat
1322 752 1478 795 amnis
1505 765 1645 808 aqua,

127 832 181 872 cf.
211 830 311 872 adn.
354 843 492 885 supra
530 829 587 872 ad
626 843 712 872 vss.
747 831 933 872 11—12.
969 828 1175 872 Similem
1213 844 1310 872 rem
1351 829 1498 883 tangit
1534 829 1642 872 Hor.

129 907 273 950 Carm.
304 908 335 949 I.
372 909 435 957 16,
467 908 610 950 2-4ε
634 908 802 959 «Quem
829 907 1085 949 criminosis
1102 921 1293 961 cumque
1308 908 1433 950 voles
1459 907 1643 950 modum

127 985 272 1027 Pones
300 985 474 1028 iambis.
503 984 595 1027 sive
623 984 808 1026 flamma
847 984 950 1028 Sive
988 985 1104 1026 mari
1143 985 1254 1027 libet
1279 985 1556 1027 Hadriano».
1585 1011 1643 1014 —

136 1061 386 1113 Vulcanus,
426 1062 556 1117 ignis.
585 1087 641 1091 -
675 1063 820 1118 plena
847 1094 858 1103 .
885 1096 894 1104 .
926 1096 934 1104 .
963 1075 1125 1113 manu,
1164 1063 1367 1116 pecuniae
1404 1064 1552 1118 plena,
1594 1067 1646 1106 ut

126 1140 159 1182 Ι.
188 1142 227 1190 5,
259 1141 364 1182 67—
380 1141 463 1183 68:
487 1140 614 1182 «Heu
639 1141 846 1182 canimus
872 1141 1039 1182 frustra
1054 1153 1137 1182 nec
1153 1140 1301 1182 verbis
1322 1141 1441 1183 victa
1451 1142 1644 1195 patescit

125 1217 281 1265 Ianua,
310 1218 388 1260 sed
413 1219 550 1272 plena
573 1220 643 1259 est
666 1218 959 1272 percutienda
985 1231 1167 1259 manu».

182 1295 232 1337 v.
263 1296 454 1338 537—58.
494 1293 664 1338 Rideat
690 1327 701 1337 .
730 1329 739 1337 .
769 1329 778 1338 .
806 1295 962 1338 inulta
1000 1294 1327 1345 dolis,01udat‚
1367 1295 1560 1351 decipiat
1598 1299 1641 1339 te
1695 1286 1701 1295 “

124 1373 337 1426 impune;
363 1373 416 1414 cf.
445 1371 539 1414 Ter.
569 1372 704 1414 Andr.
733 1371 812 1413 HL
841 1373 883 1420 4,
910 1373 965 1414 4:
999 1371 1223 1414 «deridere
1263 1372 1421 1416 dolis».
1450 1399 1508 1402 —
1533 1374 1640 1430 fur-

127 1449 216 1510 tive
242 1481 252 1490 .
285 1482 294 1491 .
324 1484 332 1492 .
360 1462 466 1500 usu,
505 1449 830 1491 consuetudine
870 1450 1013 1504 stupri
1054 1451 1228 1492 furtiva.
1279 1476 1337 1478 n—-
1383 1451 1643 1505 lassaverit,

123 1528 175 1570 ut
200 1527 346 1570 Carm.
377 1527 522 1582 Priap.
551 1528 624 1578 4-7,
653 1529 796 1570 3-4ε
830 1528 984 1569 «Illius
1017 1541 1128 1569 uxor
1167 1532 1244 1570 aut
1284 1529 1428 1570 amica
1454 1530 1639 1571 rivalem

123 1603 420 1646 Lasciviendo
459 1604 736 1658 languidum,
779 1618 947 1659 precor,
978 1604 1176 1646 reddat».
1207 1630 1265 1634 —
1299 1604 1465 1647 Tenum
1490 1606 1638 1649 inter-

118 1682 275 1736 posita
304 1681 530 1737 lanyuida
556 1683 675 1725 veste
702 1681 846 1734 cubet,
872 1683 1106 1736 amplexus
1133 1686 1236 1725 tuos
1264 1686 1423 1728 arceat.
1441 1687 1491 1725 ut
1507 1683 1635 1738 Prop.

122 1756 179 1798 II.
216 1760 279 1802 15.
309 1759 361 1800 6:
395 1758 652 1801 «Interdum
690 1759 843 1800 tunica
885 1760 1010 1801 duxit
1048 1762 1202 1814 operta
1239 1774 1439 1802 moram»
1472 1764 1516 1803 et
1557 1761 1634 1802 III.

123 1835 192 1881 21,
222 1835 275 1876 8:
308 1837 530 1876 «extremo
557 1834 723 1877 dormit
748 1838 913 1878 amicta
938 1840 1078 1879 toro».
1107 1862 1165 1865 -—
1193 1835 1384 1892 Semper
1419 1837 1511 1879 sint
1549 1850 1635 1880 ex-

123 1912 254 1952 terna
292 1912 369 1953 luo
409 1911 604 1967 vestiqia
644 1912 768 1962 lecto,
797 1914 850 1955 cf.
879 1914 1008 1967 Prop.
1037 1914 1092 1955 II.
1122 1916 1160 1963 9,
1190 1915 1274 1956 45:
1309 1914 1421 1955 «Nec
1453 1914 1637 1956 domina

120 1988 214 2029 ulla
241 2001 341 2029 meo
368 1991 507 2042 ponet
532 1990 720 2043 vestigia
745 1990 886 2032 lecto»
920 1994 963 2032 et
988 1991 1043 2032 H.
1066 1993 1134 2035 25).
1156 1993 1357 2034 35—36:
1382 1993 1638 2046 «Apparent

118 2077 213 2106 non
252 2065 346 2106 ulla
383 2067 482 2106 toro
521 2066 708 2119 vestigia
747 2079 915 2120 presso,
944 2067 1082 2121 Signa
1114 2068 1401 2122 voluptatis»;
1429 2069 1505 2111 Ov.
1534 2070 1631 2112 Am.

120 2142 153 2183 Ι.
183 2143 221 2190 8,
252 2143 336 2183 97:
370 2143 475 2184 «Ille
503 2143 586 2184 viri
612 2143 762 2185 videat
788 2147 883 2186 toto
910 2146 1101 2199 vestigia
1126 2146 1284 2188 lecto».
1302 2172 1359 2174 —-
1369 2149 1530 2202 pateat
1553 2182 1560 2190 .
1584 2181 1594 2190 .
1619 2181 1629 2190 .

123 2208 300 2273 aperta,
327 2219 553 2261 cumulate
580 2219 760 2270 dictum,
790 2224 841 2262 ut
867 2222 1030 2276 saepius
1057 2223 1174 2277 apud
1202 2224 1443 2266 Tibuflum.
1464 2250 1519 2253 —-
1547 2238 1629 2268 cu—

119 2295 256 2352 pictis.
286 2297 398 2338 vide·
425 2297 524 2339 adn.
567 2298 619 2339 ad
662 2299 693 2340 I.
724 2300 762 2347 8,
793 2301 877 2349 56;
905 2301 957 2342 cf.
1001 2301 1137 2343 etiam
1177 2301 1254 2344 Ov.
1282 2302 1332 2343 A.
1360 2302 1410 2344 A.
1438 2302 1516 2344 ΙΙΙ.
1544 2303 1632 2346 88:

123 2371 322 2415 «Gaudia
349 2388 430 2415 nec
459 2374 632 2428 cupidis
659 2379 805 2417 vestra
830 2381 988 2430 negate
1014 2378 1162 2420 viris».

178 2449 226 2491 V.
257 2452 343 2492 59-ἡ
380 2453 448 2492 64.
482 2451 658 2494 lasciva
693 2465 839 2505 soror,
866 2467 923 2495 sc.
953 2468 1082 2497 soror
1107 2456 1229 2497 senis
1267 2456 1404 2505 illius,
1434 2457 1511 2512 qui
1535 2457 1630 2499 Ma-

113 2526 298 2568 rathum
339 2529 549 2581 corrupit.
612 2554 643 2555 ff
676 2529 835 2584 plures
874 2532 1122 2575 emeruisse
1169 2533 1307 2586 viros,
1354 2534 1625 2582 exhausisse,

116 2603 374 2652 confecisse,
403 2608 453 2646 ut
480 2604 622 2646 Carm.
664 2605 807 2660 Priap.
838 2608 906 2657 34,
935 2609 989 2650 4:
1023 2609 1154 2661 «Quae
1194 2612 1302 2664 quot
1340 2614 1469 2652 nocte
1508 2611 1627 2651 viros

115 2679 290 2733 peregit
314 2693 447 2722 una».
481 2707 531 2709 -κ
562 2682 771 2725 convivia
808 2682 971 2728 ducere
996 2683 1194 2735 Baccho,
1236 2685 1360 2729 Dum
1398 2689 1491 2735 etc„
1522 2700 1625 2727 con·

116 2755 236 2797 vivia
266 2756 510 2810 producere
549 2771 689 2813 usque
728 2758 784 2801 ad
822 2764 971 2804 ortum
1009 2763 1131 2814 solis,
1160 2766 1211 2806 ut
1236 2763 1343 2806 Hor.
1372 2763 1515 2805 Carm.
1545 2763 1622 2804 ΙΙΙ.
