<?xml version="1.0" encoding="UTF-8"?>
<!DOCTYPE html PUBLIC "-//W3C//DTD XHTML 1.0 Transitional//EN"
    "http://www.w3.org/TR/xhtml1/DTD/xhtml1-transitional.dtd">
<html xmlns="http://www.w3.org/1999/xhtml" xml:lang="en" lang="en">
 <head>
  <title>
</title>
<meta http-equiv="Content-Type" content="text/html;charset=utf-8" />
  <meta name='ocr-system' content='tesseract 3.04.00' />
  <meta name='ocr-capabilities' content='ocr_page ocr_carea ocr_par ocr_line ocrx_word'/>
</head>
<body>
  <div class='ocr_page' id='page_1' title='image "./carminaaccedunts00tibuuoft_0142.png"; bbox 0 0 1942 3132; ppageno 0'>
   <div class='ocr_carea' id='block_1_1' title="bbox 248 189 1174 242">
    <p class='ocr_par' dir='ltr' id='par_1_1' title="bbox 248 189 1174 242">
     <span class='ocr_line' id='line_1_1' title="bbox 248 189 1174 242; baseline 0 -9"><span class='ocrx_word' id='word_1_1' title='bbox 248 189 314 224; x_wconf 86' lang='lat'>138</span> <span class='ocrx_word' id='word_1_2' title='bbox 819 207 874 234; x_wconf 87' lang='lat' dir='ltr'>AD</span> <span class='ocrx_word' id='word_1_3' title='bbox 895 206 924 234; x_wconf 90' lang='lat'>1.</span> <span class='ocrx_word' id='word_1_4' title='bbox 951 204 982 242; x_wconf 93' lang='lat'>1,</span> <span class='ocrx_word' id='word_1_5' title='bbox 1007 203 1174 234; x_wconf 76' lang='lat'>53-—58;</span> 
     </span>
    </p>
   </div>
   <div class='ocr_carea' id='block_1_2' title="bbox 233 321 1798 2523">
    <p class='ocr_par' dir='ltr' id='par_1_2' title="bbox 237 321 1798 1142">
     <span class='ocr_line' id='line_1_2' title="bbox 243 321 1743 375; baseline 0.002 -13"><span class='ocrx_word' id='word_1_6' title='bbox 243 322 391 362; x_wconf 83' lang='lat' dir='ltr'>tristat</span> <span class='ocrx_word' id='word_1_7' title='bbox 419 322 627 375; x_wconf 87' lang='lat' dir='ltr'>aquarius</span> <span class='ocrx_word' id='word_1_8' title='bbox 647 335 841 363; x_wconf 85' lang='lat' dir='ltr'>annum»</span> <span class='ocrx_word' id='word_1_9' title='bbox 875 326 917 363; x_wconf 88' lang='lat' dir='ltr'>et</span> <span class='ocrx_word' id='word_1_10' title='bbox 942 322 1070 375; x_wconf 88' lang='lat' dir='ltr'>Verg.</span> <span class='ocrx_word' id='word_1_11' title='bbox 1092 321 1168 363; x_wconf 81' lang='lat' dir='ltr'>Ge.</span> <span class='ocrx_word' id='word_1_12' title='bbox 1193 321 1271 364; x_wconf 90' lang='lat' dir='ltr'>III.</span> <span class='ocrx_word' id='word_1_13' title='bbox 1300 323 1412 365; x_wconf 69' lang='lat'><strong>278:</strong></span> <span class='ocrx_word' id='word_1_14' title='bbox 1445 322 1631 364; x_wconf 86' lang='lat' dir='ltr'>«Auster</span> <span class='ocrx_word' id='word_1_15' title='bbox 1656 355 1666 364; x_wconf 89' lang='lat'><strong>.</strong></span> <span class='ocrx_word' id='word_1_16' title='bbox 1694 355 1704 365; x_wconf 87' lang='lat'>.</span> <span class='ocrx_word' id='word_1_17' title='bbox 1733 356 1743 365; x_wconf 92' lang='lat'><em>.</em></span> 
     </span>
     <span class='ocr_line' id='line_1_3' title="bbox 241 391 1747 454; baseline 0.003 -16"><span class='ocrx_word' id='word_1_18' title='bbox 241 398 394 451; x_wconf 88' lang='lat' dir='ltr'>pluvio</span> <span class='ocrx_word' id='word_1_19' title='bbox 422 398 658 439; x_wconf 86' lang='lat' dir='ltr'>contristat</span> <span class='ocrx_word' id='word_1_20' title='bbox 685 398 848 451; x_wconf 82' lang='lat' dir='ltr'>frigore</span> <span class='ocrx_word' id='word_1_21' title='bbox 881 391 1080 440; x_wconf 85' lang='lat' dir='ltr'>caelum».</span> <span class='ocrx_word' id='word_1_22' title='bbox 1105 419 1167 426; x_wconf 50' lang='lat'>·*</span> <span class='ocrx_word' id='word_1_23' title='bbox 1198 396 1235 439; x_wconf 89' lang='grc' dir='ltr'>Ο</span> <span class='ocrx_word' id='word_1_24' title='bbox 1272 401 1497 454; x_wconf 77' lang='lat' dir='ltr'>quantum</span> <span class='ocrx_word' id='word_1_25' title='bbox 1535 400 1603 441; x_wconf 77' lang='lat' dir='ltr'>est</span> <span class='ocrx_word' id='word_1_26' title='bbox 1640 400 1747 442; x_wconf 78' lang='lat' dir='ltr'>auri</span> 
     </span>
     <span class='ocr_line' id='line_1_4' title="bbox 237 474 1745 531; baseline 0.001 -15"><span class='ocrx_word' id='word_1_27' title='bbox 237 476 396 528; x_wconf 68' lang='lat' dir='ltr'>pereat</span> <span class='ocrx_word' id='word_1_28' title='bbox 417 474 660 529; x_wconf 70' lang='lat' dir='ltr'>potiusque</span> <span class='ocrx_word' id='word_1_29' title='bbox 689 475 942 531; x_wconf 69' lang='lat' dir='ltr'>smaragsdi,</span> <span class='ocrx_word' id='word_1_30' title='bbox 971 489 994 517; x_wconf 94' lang='lat' dir='ltr'>o</span> <span class='ocrx_word' id='word_1_31' title='bbox 1022 477 1174 528; x_wconf 88' lang='lat' dir='ltr'>pereat</span> <span class='ocrx_word' id='word_1_32' title='bbox 1213 476 1376 528; x_wconf 88' lang='lat' dir='ltr'>potius,</span> <span class='ocrx_word' id='word_1_33' title='bbox 1406 478 1621 530; x_wconf 87' lang='lat' dir='ltr'>quantum</span> <span class='ocrx_word' id='word_1_34' title='bbox 1649 477 1745 517; x_wconf 87' lang='lat' dir='ltr'>auri</span> 
     </span>
     <span class='ocr_line' id='line_1_5' title="bbox 244 550 1745 606; baseline 0.003 -15"><span class='ocrx_word' id='word_1_35' title='bbox 244 551 550 604; x_wconf 76' lang='lat' dir='ltr'>smaragdique</span> <span class='ocrx_word' id='word_1_36' title='bbox 591 553 658 591; x_wconf 90' lang='lat' dir='ltr'>est</span> <span class='ocrx_word' id='word_1_37' title='bbox 676 567 685 600; x_wconf 90' lang='lat'>;</span> <span class='ocrx_word' id='word_1_38' title='bbox 726 550 779 592; x_wconf 88' lang='lat' dir='ltr'>de</span> <span class='ocrx_word' id='word_1_39' title='bbox 819 551 973 593; x_wconf 83' lang='lat' dir='ltr'>ordine</span> <span class='ocrx_word' id='word_1_40' title='bbox 1010 553 1247 593; x_wconf 86' lang='lat' dir='ltr'>verborum</span> <span class='ocrx_word' id='word_1_41' title='bbox 1285 553 1337 594; x_wconf 90' lang='lat' dir='ltr'>cf.</span> <span class='ocrx_word' id='word_1_42' title='bbox 1380 553 1478 594; x_wconf 88' lang='lat' dir='ltr'>adn.</span> <span class='ocrx_word' id='word_1_43' title='bbox 1520 566 1653 606; x_wconf 86' lang='lat' dir='ltr'>supra</span> <span class='ocrx_word' id='word_1_44' title='bbox 1691 553 1745 595; x_wconf 84' lang='lat' dir='ltr'>ad</span> 
     </span>
     <span class='ocr_line' id='line_1_6' title="bbox 241 616 1798 684; baseline 0.003 -17"><span class='ocrx_word' id='word_1_45' title='bbox 241 626 275 667; x_wconf 93' lang='lat' dir='ltr'>I.</span> <span class='ocrx_word' id='word_1_46' title='bbox 317 627 359 674; x_wconf 99' lang='grc'>4,</span> <span class='ocrx_word' id='word_1_47' title='bbox 403 628 440 667; x_wconf 63' lang='grc'>2.</span> <span class='ocrx_word' id='word_1_48' title='bbox 480 651 537 654; x_wconf 74' lang='lat'>—</span> <span class='ocrx_word' id='word_1_49' title='bbox 579 626 719 668; x_wconf 67' lang='lat' dir='ltr'>auri.</span> <span class='ocrx_word' id='word_1_50' title='bbox 750 660 758 667; x_wconf 92' lang='lat'><strong>.</strong></span> <span class='ocrx_word' id='word_1_51' title='bbox 789 659 799 668; x_wconf 91' lang='lat'><strong>.</strong></span> <span class='ocrx_word' id='word_1_52' title='bbox 828 628 1082 684; x_wconf 62' lang='lat' dir='ltr'>smaragdi,</span> <span class='ocrx_word' id='word_1_53' title='bbox 1119 628 1269 682; x_wconf 84' lang='lat' dir='ltr'>praeda</span> <span class='ocrx_word' id='word_1_54' title='bbox 1306 629 1478 671; x_wconf 84' lang='lat' dir='ltr'>bellica.</span> <span class='ocrx_word' id='word_1_55' title='bbox 1506 653 1565 657; x_wconf 84' lang='lat'>—-</span> <span class='ocrx_word' id='word_1_56' title='bbox 1596 628 1747 679; x_wconf 82' lang='lat' dir='ltr'>Quam</span> <span class='ocrx_word' id='word_1_57' title='bbox 1796 616 1798 618; x_wconf 34' lang='grc'>’</span> 
     </span>
     <span class='ocr_line' id='line_1_7' title="bbox 239 703 1744 759; baseline 0 -14"><span class='ocrx_word' id='word_1_58' title='bbox 239 704 347 758; x_wconf 73' lang='lat' dir='ltr'>fleat</span> <span class='ocrx_word' id='word_1_59' title='bbox 374 703 430 746; x_wconf 83' lang='lat' dir='ltr'>ob</span> <span class='ocrx_word' id='word_1_60' title='bbox 456 705 643 745; x_wconf 72' lang='lat' dir='ltr'>nostras</span> <span class='ocrx_word' id='word_1_61' title='bbox 668 703 770 745; x_wconf 82' lang='lat' dir='ltr'>ulla</span> <span class='ocrx_word' id='word_1_62' title='bbox 803 703 963 759; x_wconf 78' lang='lat' dir='ltr'>puella</span> <span class='ocrx_word' id='word_1_63' title='bbox 1000 705 1115 754; x_wconf 78' lang='lat' dir='ltr'>vias,</span> <span class='ocrx_word' id='word_1_64' title='bbox 1143 704 1302 746; x_wconf 82' lang='lat' dir='ltr'>alludit</span> <span class='ocrx_word' id='word_1_65' title='bbox 1328 705 1383 746; x_wconf 80' lang='lat' dir='ltr'>ad</span> <span class='ocrx_word' id='word_1_66' title='bbox 1409 705 1559 758; x_wconf 85' lang='lat' dir='ltr'>elegiae</span> <span class='ocrx_word' id='word_1_67' title='bbox 1585 718 1744 758; x_wconf 86' lang='lat' dir='ltr'>praece—</span> 
     </span>
     <span class='ocr_line' id='line_1_8' title="bbox 241 779 1747 838; baseline 0.003 -19"><span class='ocrx_word' id='word_1_68' title='bbox 241 779 387 820; x_wconf 83' lang='lat' dir='ltr'>dentis</span> <span class='ocrx_word' id='word_1_69' title='bbox 414 780 574 829; x_wconf 91' lang='lat' dir='ltr'>locum,</span> <span class='ocrx_word' id='word_1_70' title='bbox 602 780 635 821; x_wconf 88' lang='lat' dir='ltr'>I.</span> <span class='ocrx_word' id='word_1_71' title='bbox 667 781 705 830; x_wconf 85' lang='lat'>3,</span> <span class='ocrx_word' id='word_1_72' title='bbox 728 781 1020 838; x_wconf 17' lang='lat' dir='ltr'>¹13—14..(de</span> <span class='ocrx_word' id='word_1_73' title='bbox 1037 781 1207 834; x_wconf 86' lang='lat' dir='ltr'>Delia):</span> <span class='ocrx_word' id='word_1_74' title='bbox 1241 785 1416 824; x_wconf 85' lang='lat' dir='ltr'>«tamen</span> <span class='ocrx_word' id='word_1_75' title='bbox 1444 784 1510 823; x_wconf 88' lang='lat' dir='ltr'>est</span> <span class='ocrx_word' id='word_1_76' title='bbox 1536 782 1747 823; x_wconf 86' lang='lat' dir='ltr'>deterrita</span> 
     </span>
     <span class='ocr_line' id='line_1_9' title="bbox 240 855 1745 912; baseline 0.003 -16"><span class='ocrx_word' id='word_1_77' title='bbox 240 869 485 910; x_wconf 87' lang='lat' dir='ltr'>nunquam,</span> <span class='ocrx_word' id='word_1_78' title='bbox 515 856 633 908; x_wconf 82' lang='lat' dir='ltr'>Quin</span> <span class='ocrx_word' id='word_1_79' title='bbox 658 855 785 898; x_wconf 88' lang='lat' dir='ltr'>fleret</span> <span class='ocrx_word' id='word_1_80' title='bbox 810 857 986 899; x_wconf 64' lang='lat' dir='ltr'>nostras</span> <span class='ocrx_word' id='word_1_81' title='bbox 1013 858 1335 912; x_wconf 86' lang='lat' dir='ltr'>despueretque</span> <span class='ocrx_word' id='word_1_82' title='bbox 1352 858 1560 900; x_wconf 81' lang='lat' dir='ltr'>vias».—</span> <span class='ocrx_word' id='word_1_83' title='bbox 1579 857 1745 912; x_wconf 81' lang='lat' dir='ltr'>Quam,</span> 
     </span>
     <span class='ocr_line' id='line_1_10' title="bbox 241 933 1742 988; baseline 0.003 -15"><span class='ocrx_word' id='word_1_84' title='bbox 241 946 374 986; x_wconf 90' lang='lat' dir='ltr'>quam</span> <span class='ocrx_word' id='word_1_85' title='bbox 401 936 462 977; x_wconf 82' lang='lat' dir='ltr'>ut.</span> <span class='ocrx_word' id='word_1_86' title='bbox 493 934 664 987; x_wconf 78' lang='lat' dir='ltr'>ellipsis</span> <span class='ocrx_word' id='word_1_87' title='bbox 693 933 825 975; x_wconf 87' lang='lat' dir='ltr'>solita</span> <span class='ocrx_word' id='word_1_88' title='bbox 850 937 953 987; x_wconf 89' lang='lat' dir='ltr'>post</span> <span class='ocrx_word' id='word_1_89' title='bbox 985 936 1362 988; x_wconf 83' lang='lat' dir='ltr'>comparativum3</span> <span class='ocrx_word' id='word_1_90' title='bbox 1402 936 1456 976; x_wconf 89' lang='lat' dir='ltr'>cf.</span> <span class='ocrx_word' id='word_1_91' title='bbox 1484 933 1644 977; x_wconf 86' lang='lat' dir='ltr'>Catull.</span> <span class='ocrx_word' id='word_1_92' title='bbox 1673 937 1742 986; x_wconf 78' lang='lat'>64,</span> 
     </span>
     <span class='ocr_line' id='line_1_11' title="bbox 241 1010 1746 1066; baseline 0.001 -15"><span class='ocrx_word' id='word_1_93' title='bbox 241 1011 310 1051; x_wconf 84' lang='lat'>81.</span> <span class='ocrx_word' id='word_1_94' title='bbox 353 1023 475 1064; x_wconf 88' lang='lat' dir='ltr'>sqq.:</span> <span class='ocrx_word' id='word_1_95' title='bbox 522 1011 641 1064; x_wconf 85' lang='lat' dir='ltr'>«ipse</span> <span class='ocrx_word' id='word_1_96' title='bbox 680 1010 878 1052; x_wconf 84' lang='lat' dir='ltr'>Theseus</span> <span class='ocrx_word' id='word_1_97' title='bbox 905 1043 915 1051; x_wconf 91' lang='lat'>.</span> <span class='ocrx_word' id='word_1_98' title='bbox 944 1043 954 1052; x_wconf 92' lang='lat'>.</span> <span class='ocrx_word' id='word_1_99' title='bbox 983 1043 993 1051; x_wconf 92' lang='lat'><strong>.</strong></span> <span class='ocrx_word' id='word_1_100' title='bbox 1021 1024 1182 1065; x_wconf 87' lang='lat' dir='ltr'>corpus</span> <span class='ocrx_word' id='word_1_101' title='bbox 1209 1044 1219 1053; x_wconf 91' lang='lat'><strong>.</strong></span> <span class='ocrx_word' id='word_1_102' title='bbox 1249 1045 1258 1053; x_wconf 90' lang='lat'>.</span> <span class='ocrx_word' id='word_1_103' title='bbox 1287 1045 1296 1053; x_wconf 93' lang='lat'><strong><em>.</em></strong></span> <span class='ocrx_word' id='word_1_104' title='bbox 1337 1013 1537 1065; x_wconf 86' lang='lat' dir='ltr'>proicere</span> <span class='ocrx_word' id='word_1_105' title='bbox 1576 1013 1746 1066; x_wconf 88' lang='lat' dir='ltr'>optavit</span> 
     </span>
     <span class='ocr_line' id='line_1_12' title="bbox 238 1087 1568 1142; baseline 0.001 -13"><span class='ocrx_word' id='word_1_106' title='bbox 238 1088 400 1142; x_wconf 70' lang='lat' dir='ltr'>potius·</span> <span class='ocrx_word' id='word_1_107' title='bbox 418 1100 559 1142; x_wconf 79' lang='lat' dir='ltr'>quam</span> <span class='ocrx_word' id='word_1_108' title='bbox 584 1088 693 1129; x_wconf 89' lang='lat' dir='ltr'>talia</span> <span class='ocrx_word' id='word_1_109' title='bbox 719 1087 896 1129; x_wconf 89' lang='lat' dir='ltr'>Cretam</span> <span class='ocrx_word' id='word_1_110' title='bbox 922 1087 1100 1128; x_wconf 83' lang='lat' dir='ltr'>Funera</span> <span class='ocrx_word' id='word_1_111' title='bbox 1126 1121 1135 1130; x_wconf 87' lang='lat'><em>.</em></span> <span class='ocrx_word' id='word_1_112' title='bbox 1165 1121 1175 1130; x_wconf 90' lang='lat'>.</span> <span class='ocrx_word' id='word_1_113' title='bbox 1203 1121 1213 1130; x_wconf 90' lang='lat'><strong>.</strong></span> <span class='ocrx_word' id='word_1_114' title='bbox 1242 1091 1568 1142; x_wconf 87' lang='lat' dir='ltr'>portarentur».</span> 
     </span>
    </p>

    <p class='ocr_par' dir='ltr' id='par_1_3' title="bbox 233 1162 1744 2523">
     <span class='ocr_line' id='line_1_13' title="bbox 299 1162 1742 1222; baseline 0.002 -17"><span class='ocrx_word' id='word_1_115' title='bbox 299 1163 347 1205; x_wconf 92' lang='lat' dir='ltr'>V.</span> <span class='ocrx_word' id='word_1_116' title='bbox 378 1165 568 1206; x_wconf 35' lang='lat' dir='ltr'><strong>53ffi58.</strong></span> <span class='ocrx_word' id='word_1_117' title='bbox 618 1162 675 1206; x_wconf 85' lang='lat' dir='ltr'>Tc</span> <span class='ocrx_word' id='word_1_118' title='bbox 712 1163 881 1206; x_wconf 72' lang='lat' dir='ltr'>bellare</span> <span class='ocrx_word' id='word_1_119' title='bbox 919 1163 1040 1207; x_wconf 78' lang='lat' dir='ltr'>decet</span> <span class='ocrx_word' id='word_1_120' title='bbox 1081 1166 1218 1218; x_wconf 80' lang='lat' dir='ltr'>terra,</span> <span class='ocrx_word' id='word_1_121' title='bbox 1255 1164 1491 1215; x_wconf 80' lang='lat' dir='ltr'>Messalla,</span> <span class='ocrx_word' id='word_1_122' title='bbox 1518 1165 1742 1222; x_wconf 78' lang='lat' dir='ltr'>marique,</span> 
     </span>
     <span class='ocr_line' id='line_1_14' title="bbox 239 1239 1743 1295; baseline 0.001 -12"><span class='ocrx_word' id='word_1_123' title='bbox 239 1241 481 1294; x_wconf 74' lang='lat' dir='ltr'>alloquitur</span> <span class='ocrx_word' id='word_1_124' title='bbox 496 1241 755 1284; x_wconf 83' lang='lat' dir='ltr'>Messallam</span> <span class='ocrx_word' id='word_1_125' title='bbox 780 1242 828 1283; x_wconf 94' lang='lat' dir='ltr'>in</span> <span class='ocrx_word' id='word_1_126' title='bbox 846 1241 1026 1283; x_wconf 89' lang='lat' dir='ltr'>Oriente</span> <span class='ocrx_word' id='word_1_127' title='bbox 1053 1242 1402 1295; x_wconf 76' lang='lat' dir='ltr'>belligerantem.</span> <span class='ocrx_word' id='word_1_128' title='bbox 1418 1267 1477 1270; x_wconf 87' lang='lat'>—</span> <span class='ocrx_word' id='word_1_129' title='bbox 1499 1239 1554 1284; x_wconf 78' lang='lat' dir='ltr'>Ut</span> <span class='ocrx_word' id='word_1_130' title='bbox 1580 1241 1743 1284; x_wconf 79' lang='lat' dir='ltr'>domus</span> 
     </span>
     <span class='ocr_line' id='line_1_15' title="bbox 240 1306 1744 1373; baseline 0.001 -14"><span class='ocrx_word' id='word_1_131' title='bbox 240 1306 422 1360; x_wconf 73' lang='lat' dir='ltr'>hostiles</span> <span class='ocrx_word' id='word_1_132' title='bbox 456 1317 680 1373; x_wconf 70' lang='lat' dir='ltr'>praeferat</span> <span class='ocrx_word' id='word_1_133' title='bbox 720 1317 928 1370; x_wconf 69' lang='lat' dir='ltr'>exuvias,</span> <span class='ocrx_word' id='word_1_134' title='bbox 966 1319 1109 1371; x_wconf 84' lang='lat' dir='ltr'>spolia</span> <span class='ocrx_word' id='word_1_135' title='bbox 1147 1319 1196 1360; x_wconf 86' lang='lat' dir='ltr'>in</span> <span class='ocrx_word' id='word_1_136' title='bbox 1235 1318 1366 1360; x_wconf 87' lang='lat' dir='ltr'>domo</span> <span class='ocrx_word' id='word_1_137' title='bbox 1404 1319 1744 1373; x_wconf 83' lang='lat' dir='ltr'>triumphatoris</span> 
     </span>
     <span class='ocr_line' id='line_1_16' title="bbox 239 1392 1743 1449; baseline 0.001 -15"><span class='ocrx_word' id='word_1_138' title='bbox 239 1392 532 1446; x_wconf 87' lang='lat' dir='ltr'>affigebantur</span> <span class='ocrx_word' id='word_1_139' title='bbox 571 1394 801 1447; x_wconf 85' lang='lat' dir='ltr'>postibus3</span> <span class='ocrx_word' id='word_1_140' title='bbox 844 1395 896 1435; x_wconf 88' lang='lat' dir='ltr'>cf.</span> <span class='ocrx_word' id='word_1_141' title='bbox 936 1394 1030 1436; x_wconf 87' lang='lat' dir='ltr'>Liv.</span> <span class='ocrx_word' id='word_1_142' title='bbox 1072 1394 1122 1436; x_wconf 87' lang='lat' dir='ltr'>X.</span> <span class='ocrx_word' id='word_1_143' title='bbox 1165 1396 1203 1445; x_wconf 92' lang='lat'>7,</span> <span class='ocrx_word' id='word_1_144' title='bbox 1245 1397 1295 1437; x_wconf 86' lang='lat'>9:</span> <span class='ocrx_word' id='word_1_145' title='bbox 1327 1408 1543 1449; x_wconf 88' lang='lat' dir='ltr'>.«quorum</span> <span class='ocrx_word' id='word_1_146' title='bbox 1584 1395 1743 1437; x_wconf 88' lang='lat' dir='ltr'>domus</span> 
     </span>
     <span class='ocr_line' id='line_1_17' title="bbox 240 1470 1742 1525; baseline 0.001 -13"><span class='ocrx_word' id='word_1_147' title='bbox 240 1470 396 1523; x_wconf 88' lang='lat' dir='ltr'>spoliis</span> <span class='ocrx_word' id='word_1_148' title='bbox 441 1471 640 1512; x_wconf 91' lang='lat' dir='ltr'>hostium</span> <span class='ocrx_word' id='word_1_149' title='bbox 682 1471 826 1513; x_wconf 83' lang='lat' dir='ltr'>affixis</span> <span class='ocrx_word' id='word_1_150' title='bbox 872 1471 1074 1525; x_wconf 86' lang='lat' dir='ltr'>insignes</span> <span class='ocrx_word' id='word_1_151' title='bbox 1118 1473 1237 1514; x_wconf 86' lang='lat' dir='ltr'>inter</span> <span class='ocrx_word' id='word_1_152' title='bbox 1277 1473 1388 1513; x_wconf 88' lang='lat' dir='ltr'>alias</span> <span class='ocrx_word' id='word_1_153' title='bbox 1435 1472 1652 1513; x_wconf 80' lang='lat' dir='ltr'>feceritis»</span> <span class='ocrx_word' id='word_1_154' title='bbox 1700 1474 1742 1513; x_wconf 86' lang='lat' dir='ltr'>et</span> 
     </span>
     <span class='ocr_line' id='line_1_18' title="bbox 238 1546 1741 1601; baseline 0.001 -13"><span class='ocrx_word' id='word_1_155' title='bbox 238 1546 479 1589; x_wconf 87' lang='lat' dir='ltr'>XXXVIII.</span> <span class='ocrx_word' id='word_1_156' title='bbox 507 1549 578 1597; x_wconf 82' lang='grc'>43,</span> <span class='ocrx_word' id='word_1_157' title='bbox 612 1549 688 1589; x_wconf 88' lang='lat'>11:</span> <span class='ocrx_word' id='word_1_158' title='bbox 723 1548 891 1601; x_wconf 89' lang='lat' dir='ltr'>«spolia</span> <span class='ocrx_word' id='word_1_159' title='bbox 930 1549 1025 1589; x_wconf 93' lang='lat' dir='ltr'>eius</span> <span class='ocrx_word' id='word_1_160' title='bbox 1063 1548 1186 1590; x_wconf 84' lang='lat' dir='ltr'>urbis</span> <span class='ocrx_word' id='word_1_161' title='bbox 1213 1550 1315 1589; x_wconf 88' lang='lat' dir='ltr'>ante</span> <span class='ocrx_word' id='word_1_162' title='bbox 1353 1561 1532 1590; x_wconf 84' lang='lat' dir='ltr'>currum</span> <span class='ocrx_word' id='word_1_163' title='bbox 1569 1548 1741 1589; x_wconf 87' lang='lat' dir='ltr'>laturus</span> 
     </span>
     <span class='ocr_line' id='line_1_19' title="bbox 239 1622 1741 1680; baseline 0.003 -17"><span class='ocrx_word' id='word_1_164' title='bbox 239 1626 281 1663; x_wconf 85' lang='lat' dir='ltr'>et</span> <span class='ocrx_word' id='word_1_165' title='bbox 307 1622 475 1664; x_wconf 84' lang='lat' dir='ltr'>fixurus</span> <span class='ocrx_word' id='word_1_166' title='bbox 501 1623 550 1664; x_wconf 89' lang='lat' dir='ltr'>in</span> <span class='ocrx_word' id='word_1_167' title='bbox 575 1623 779 1676; x_wconf 86' lang='lat' dir='ltr'>postibus</span> <span class='ocrx_word' id='word_1_168' title='bbox 798 1625 932 1665; x_wconf 87' lang='lat' dir='ltr'>suis».</span> <span class='ocrx_word' id='word_1_169' title='bbox 949 1648 1007 1653; x_wconf 70' lang='lat'>-—</span> <span class='ocrx_word' id='word_1_170' title='bbox 1022 1622 1092 1666; x_wconf 81' lang='lat' dir='ltr'>Me</span> <span class='ocrx_word' id='word_1_171' title='bbox 1103 1624 1297 1666; x_wconf 71' lang='lat' dir='ltr'>retinent</span> <span class='ocrx_word' id='word_1_172' title='bbox 1309 1623 1513 1666; x_wconf 72' lang='lat' dir='ltr'>vinetum</span> <span class='ocrx_word' id='word_1_173' title='bbox 1525 1624 1741 1680; x_wconf 71' lang='lat' dir='ltr'>formosae</span> 
     </span>
     <span class='ocr_line' id='line_1_20' title="bbox 236 1698 1742 1755; baseline 0.001 -14"><span class='ocrx_word' id='word_1_174' title='bbox 236 1698 388 1741; x_wconf 68' lang='lat' dir='ltr'>vitwla</span> <span class='ocrx_word' id='word_1_175' title='bbox 418 1699 601 1754; x_wconf 78' lang='lat' dir='ltr'>puellae,</span> <span class='ocrx_word' id='word_1_176' title='bbox 628 1702 677 1740; x_wconf 86' lang='lat' dir='ltr'>ut</span> <span class='ocrx_word' id='word_1_177' title='bbox 715 1700 833 1740; x_wconf 87' lang='lat' dir='ltr'>infra</span> <span class='ocrx_word' id='word_1_178' title='bbox 858 1700 892 1741; x_wconf 88' lang='grc' dir='ltr'>Ι.</span> <span class='ocrx_word' id='word_1_179' title='bbox 922 1702 961 1749; x_wconf 87' lang='grc'>9,</span> <span class='ocrx_word' id='word_1_180' title='bbox 991 1702 1077 1742; x_wconf 85' lang='grc'>79;</span> <span class='ocrx_word' id='word_1_181' title='bbox 1109 1714 1204 1741; x_wconf 84' lang='lat' dir='ltr'>«me</span> <span class='ocrx_word' id='word_1_182' title='bbox 1242 1701 1441 1742; x_wconf 88' lang='lat' dir='ltr'>vinctum</span> <span class='ocrx_word' id='word_1_183' title='bbox 1480 1714 1592 1754; x_wconf 90' lang='lat' dir='ltr'>puer</span> <span class='ocrx_word' id='word_1_184' title='bbox 1631 1701 1742 1755; x_wconf 76' lang='lat' dir='ltr'>alter</span> 
     </span>
     <span class='ocr_line' id='line_1_21' title="bbox 237 1777 1738 1831; baseline -0.001 -14"><span class='ocrx_word' id='word_1_185' title='bbox 237 1777 441 1818; x_wconf 87' lang='lat' dir='ltr'>habebit»</span> <span class='ocrx_word' id='word_1_186' title='bbox 476 1779 518 1818; x_wconf 88' lang='lat' dir='ltr'>et</span> <span class='ocrx_word' id='word_1_187' title='bbox 554 1778 673 1818; x_wconf 88' lang='lat' dir='ltr'>infra</span> <span class='ocrx_word' id='word_1_188' title='bbox 697 1778 753 1819; x_wconf 91' lang='lat' dir='ltr'>II.</span> <span class='ocrx_word' id='word_1_189' title='bbox 782 1779 822 1826; x_wconf 91' lang='grc'>4,</span> <span class='ocrx_word' id='word_1_190' title='bbox 855 1779 996 1819; x_wconf 78' lang='lat'><strong>3—4:</strong></span> <span class='ocrx_word' id='word_1_191' title='bbox 1030 1780 1295 1831; x_wconf 87' lang='lat' dir='ltr'>«teneorque</span> <span class='ocrx_word' id='word_1_192' title='bbox 1334 1778 1504 1821; x_wconf 86' lang='lat' dir='ltr'>catenis</span> <span class='ocrx_word' id='word_1_193' title='bbox 1529 1777 1586 1818; x_wconf 87' lang='lat' dir='ltr'>Et</span> <span class='ocrx_word' id='word_1_194' title='bbox 1623 1790 1738 1819; x_wconf 88' lang='lat' dir='ltr'>nun.-</span> 
     </span>
     <span class='ocr_line' id='line_1_22' title="bbox 236 1854 1737 1907; baseline 0.001 -13"><span class='ocrx_word' id='word_1_195' title='bbox 236 1867 367 1907; x_wconf 89' lang='lat' dir='ltr'>quam</span> <span class='ocrx_word' id='word_1_196' title='bbox 395 1854 559 1895; x_wconf 89' lang='lat' dir='ltr'>misero</span> <span class='ocrx_word' id='word_1_197' title='bbox 585 1854 733 1895; x_wconf 85' lang='lat' dir='ltr'>vincla</span> <span class='ocrx_word' id='word_1_198' title='bbox 758 1854 946 1895; x_wconf 86' lang='lat' dir='ltr'>remittit</span> <span class='ocrx_word' id='word_1_199' title='bbox 984 1868 1132 1896; x_wconf 88' lang='lat' dir='ltr'>amor»</span> <span class='ocrx_word' id='word_1_200' title='bbox 1142 1869 1151 1904; x_wconf 92' lang='lat'>;</span> <span class='ocrx_word' id='word_1_201' title='bbox 1180 1856 1232 1896; x_wconf 87' lang='lat' dir='ltr'>cf.</span> <span class='ocrx_word' id='word_1_202' title='bbox 1260 1854 1368 1896; x_wconf 90' lang='lat' dir='ltr'>Hor.</span> <span class='ocrx_word' id='word_1_203' title='bbox 1398 1854 1540 1896; x_wconf 86' lang='lat' dir='ltr'>Carm.</span> <span class='ocrx_word' id='word_1_204' title='bbox 1567 1854 1640 1897; x_wconf 90' lang='lat' dir='ltr'>IV.</span> <span class='ocrx_word' id='word_1_205' title='bbox 1673 1855 1737 1904; x_wconf 88' lang='lat'>11,</span> 
     </span>
     <span class='ocr_line' id='line_1_23' title="bbox 236 1931 1738 1986; baseline 0 -13"><span class='ocrx_word' id='word_1_206' title='bbox 236 1932 305 1974; x_wconf 71' lang='lat'>21.</span> <span class='ocrx_word' id='word_1_207' title='bbox 335 1944 425 1984; x_wconf 88' lang='lat' dir='ltr'>sq.:</span> <span class='ocrx_word' id='word_1_208' title='bbox 459 1931 729 1984; x_wconf 83' lang='lat' dir='ltr'>«Telephum</span> <span class='ocrx_word' id='word_1_209' title='bbox 756 1964 766 1972; x_wconf 91' lang='lat'>.</span> <span class='ocrx_word' id='word_1_210' title='bbox 795 1964 805 1973; x_wconf 93' lang='lat'><strong>.</strong></span> <span class='ocrx_word' id='word_1_211' title='bbox 834 1964 844 1972; x_wconf 93' lang='lat'><strong>.</strong></span> <span class='ocrx_word' id='word_1_212' title='bbox 874 1933 1104 1986; x_wconf 88' lang='lat' dir='ltr'>occupavit</span> <span class='ocrx_word' id='word_1_213' title='bbox 1129 1965 1139 1974; x_wconf 88' lang='lat'><strong>.</strong></span> <span class='ocrx_word' id='word_1_214' title='bbox 1169 1965 1178 1974; x_wconf 91' lang='lat'>.</span> <span class='ocrx_word' id='word_1_215' title='bbox 1207 1965 1217 1974; x_wconf 88' lang='lat'><strong>.</strong></span> <span class='ocrx_word' id='word_1_216' title='bbox 1245 1933 1396 1986; x_wconf 85' lang='lat' dir='ltr'>puella</span> <span class='ocrx_word' id='word_1_217' title='bbox 1421 1932 1556 1974; x_wconf 87' lang='lat' dir='ltr'>Dives</span> <span class='ocrx_word' id='word_1_218' title='bbox 1596 1934 1639 1973; x_wconf 89' lang='lat' dir='ltr'>et</span> <span class='ocrx_word' id='word_1_219' title='bbox 1675 1932 1738 1973; x_wconf 81' lang='lat' dir='ltr'>la-</span> 
     </span>
     <span class='ocr_line' id='line_1_24' title="bbox 236 2006 1739 2062; baseline 0.001 -13"><span class='ocrx_word' id='word_1_220' title='bbox 236 2008 354 2050; x_wconf 85' lang='lat' dir='ltr'>sciva</span> <span class='ocrx_word' id='word_1_221' title='bbox 380 2010 591 2062; x_wconf 80' lang='lat' dir='ltr'>tenetque</span> <span class='ocrx_word' id='word_1_222' title='bbox 618 2011 743 2061; x_wconf 87' lang='lat' dir='ltr'>grata</span> <span class='ocrx_word' id='word_1_223' title='bbox 783 2008 1005 2062; x_wconf 88' lang='lat' dir='ltr'>Compede</span> <span class='ocrx_word' id='word_1_224' title='bbox 1046 2010 1288 2051; x_wconf 87' lang='lat' dir='ltr'>vinctum».</span> <span class='ocrx_word' id='word_1_225' title='bbox 1326 2033 1386 2037; x_wconf 82' lang='lat'>--</span> <span class='ocrx_word' id='word_1_226' title='bbox 1423 2007 1555 2051; x_wconf 78' lang='lat' dir='ltr'>sedeo</span> <span class='ocrx_word' id='word_1_227' title='bbox 1596 2006 1739 2050; x_wconf 72' lang='lat' dir='ltr'>duras</span> 
     </span>
     <span class='ocr_line' id='line_1_25' title="bbox 235 2084 1738 2140; baseline 0 -14"><span class='ocrx_word' id='word_1_228' title='bbox 235 2084 411 2127; x_wconf 74' lang='lat' dir='ltr'>ianitor</span> <span class='ocrx_word' id='word_1_229' title='bbox 437 2087 542 2126; x_wconf 73' lang='lat' dir='ltr'>ante</span> <span class='ocrx_word' id='word_1_230' title='bbox 566 2084 702 2140; x_wconf 77' lang='lat' dir='ltr'>fores,</span> <span class='ocrx_word' id='word_1_231' title='bbox 729 2089 902 2128; x_wconf 87' lang='lat' dir='ltr'>amator</span> <span class='ocrx_word' id='word_1_232' title='bbox 929 2088 1132 2129; x_wconf 86' lang='lat' dir='ltr'>exclusus</span> <span class='ocrx_word' id='word_1_233' title='bbox 1159 2089 1306 2129; x_wconf 85' lang='lat' dir='ltr'>servat</span> <span class='ocrx_word' id='word_1_234' title='bbox 1329 2087 1483 2136; x_wconf 80' lang='lat' dir='ltr'>limen,</span> <span class='ocrx_word' id='word_1_235' title='bbox 1510 2088 1738 2139; x_wconf 85' lang='lat' dir='ltr'>tamquam</span> 
     </span>
     <span class='ocr_line' id='line_1_26' title="bbox 234 2160 1737 2218; baseline 0.001 -17"><span class='ocrx_word' id='word_1_236' title='bbox 234 2162 410 2203; x_wconf 88' lang='lat' dir='ltr'>ianitor.</span> <span class='ocrx_word' id='word_1_237' title='bbox 439 2187 497 2189; x_wconf 94' lang='lat'><strong>—</strong></span> <span class='ocrx_word' id='word_1_238' title='bbox 524 2160 670 2204; x_wconf 74' lang='lat' dir='ltr'>dwras</span> <span class='ocrx_word' id='word_1_239' title='bbox 697 2195 707 2204; x_wconf 87' lang='lat'>.</span> <span class='ocrx_word' id='word_1_240' title='bbox 735 2195 745 2203; x_wconf 92' lang='lat'>.</span> <span class='ocrx_word' id='word_1_241' title='bbox 775 2196 784 2204; x_wconf 91' lang='lat'><strong>.</strong></span> <span class='ocrx_word' id='word_1_242' title='bbox 813 2162 949 2218; x_wconf 77' lang='lat' dir='ltr'>fores,</span> <span class='ocrx_word' id='word_1_243' title='bbox 984 2163 1196 2213; x_wconf 88' lang='lat' dir='ltr'>crudeles,</span> <span class='ocrx_word' id='word_1_244' title='bbox 1226 2163 1330 2217; x_wconf 92' lang='lat' dir='ltr'>quia</span> <span class='ocrx_word' id='word_1_245' title='bbox 1356 2164 1516 2204; x_wconf 78' lang='lat' dir='ltr'>clausae</span> <span class='ocrx_word' id='word_1_246' title='bbox 1535 2163 1663 2208; x_wconf 71' lang='lat' dir='ltr'>sunt,</span> <span class='ocrx_word' id='word_1_247' title='bbox 1687 2164 1737 2202; x_wconf 89' lang='lat' dir='ltr'>ut</span> 
     </span>
     <span class='ocr_line' id='line_1_27' title="bbox 235 2238 1734 2294; baseline -0.002 -14"><span class='ocrx_word' id='word_1_248' title='bbox 235 2252 369 2291; x_wconf 88' lang='lat' dir='ltr'>supra</span> <span class='ocrx_word' id='word_1_249' title='bbox 394 2238 426 2279; x_wconf 91' lang='lat' dir='ltr'>I.</span> <span class='ocrx_word' id='word_1_250' title='bbox 457 2240 494 2285; x_wconf 82' lang='lat'>8,</span> <span class='ocrx_word' id='word_1_251' title='bbox 526 2240 549 2280; x_wconf 90' lang='lat'><strong>7</strong></span> <span class='ocrx_word' id='word_1_252' title='bbox 557 2239 607 2280; x_wconf 72' lang='lat'>6:</span> <span class='ocrx_word' id='word_1_253' title='bbox 642 2239 963 2293; x_wconf 75' lang='lat' dir='ltr'>«Quaecumque</span> <span class='ocrx_word' id='word_1_254' title='bbox 990 2241 1197 2294; x_wconf 86' lang='lat' dir='ltr'>opposita</span> <span class='ocrx_word' id='word_1_255' title='bbox 1224 2242 1291 2281; x_wconf 90' lang='lat' dir='ltr'>est</span> <span class='ocrx_word' id='word_1_256' title='bbox 1316 2241 1451 2281; x_wconf 88' lang='lat' dir='ltr'>ianua</span> <span class='ocrx_word' id='word_1_257' title='bbox 1467 2238 1577 2279; x_wconf 88' lang='lat' dir='ltr'>dura</span> <span class='ocrx_word' id='word_1_258' title='bbox 1595 2251 1734 2290; x_wconf 86' lang='lat' dir='ltr'>sera»;</span> 
     </span>
     <span class='ocr_line' id='line_1_28' title="bbox 235 2314 1735 2371; baseline 0.003 -17"><span class='ocrx_word' id='word_1_259' title='bbox 235 2316 286 2355; x_wconf 88' lang='lat' dir='ltr'>cf.</span> <span class='ocrx_word' id='word_1_260' title='bbox 331 2314 429 2356; x_wconf 87' lang='lat' dir='ltr'>adn.</span> <span class='ocrx_word' id='word_1_261' title='bbox 474 2315 528 2355; x_wconf 83' lang='lat' dir='ltr'>ad</span> <span class='ocrx_word' id='word_1_262' title='bbox 555 2316 596 2356; x_wconf 90' lang='lat' dir='ltr'>h.</span> <span class='ocrx_word' id='word_1_263' title='bbox 637 2317 664 2357; x_wconf 86' lang='lat'>1.</span> <span class='ocrx_word' id='word_1_264' title='bbox 693 2341 751 2344; x_wconf 89' lang='lat'>—</span> <span class='ocrx_word' id='word_1_265' title='bbox 776 2316 962 2366; x_wconf 68' lang='lat' dir='ltr'>ianitor,</span> <span class='ocrx_word' id='word_1_266' title='bbox 1007 2318 1235 2370; x_wconf 85' lang='lat' dir='ltr'>tamquam</span> <span class='ocrx_word' id='word_1_267' title='bbox 1274 2316 1465 2370; x_wconf 84' lang='lat' dir='ltr'>ianitor;</span> <span class='ocrx_word' id='word_1_268' title='bbox 1507 2318 1558 2359; x_wconf 84' lang='lat' dir='ltr'>cf.</span> <span class='ocrx_word' id='word_1_269' title='bbox 1603 2331 1735 2371; x_wconf 86' lang='lat' dir='ltr'>supra</span> 
     </span>
     <span class='ocr_line' id='line_1_29' title="bbox 233 2391 1732 2446; baseline 0.002 -14"><span class='ocrx_word' id='word_1_270' title='bbox 233 2404 295 2432; x_wconf 86' lang='lat' dir='ltr'>vs.</span> <span class='ocrx_word' id='word_1_271' title='bbox 326 2392 378 2432; x_wconf 83' lang='lat'>8:</span> <span class='ocrx_word' id='word_1_272' title='bbox 412 2391 668 2432; x_wconf 80' lang='lat' dir='ltr'>«Rusticus»</span> <span class='ocrx_word' id='word_1_273' title='bbox 701 2396 744 2433; x_wconf 84' lang='lat' dir='ltr'>et</span> <span class='ocrx_word' id='word_1_274' title='bbox 772 2393 870 2434; x_wconf 90' lang='lat' dir='ltr'>adn.</span> <span class='ocrx_word' id='word_1_275' title='bbox 901 2393 956 2434; x_wconf 89' lang='lat' dir='ltr'>ad</span> <span class='ocrx_word' id='word_1_276' title='bbox 982 2394 1023 2434; x_wconf 95' lang='lat' dir='ltr'>h.</span> <span class='ocrx_word' id='word_1_277' title='bbox 1052 2394 1095 2435; x_wconf 88' lang='lat'>1..</span> <span class='ocrx_word' id='word_1_278' title='bbox 1124 2394 1295 2434; x_wconf 83' lang='lat' dir='ltr'>Ianitor</span> <span class='ocrx_word' id='word_1_279' title='bbox 1320 2396 1415 2435; x_wconf 88' lang='lat' dir='ltr'>erat</span> <span class='ocrx_word' id='word_1_280' title='bbox 1454 2407 1603 2435; x_wconf 87' lang='lat' dir='ltr'>servus</span> <span class='ocrx_word' id='word_1_281' title='bbox 1640 2395 1732 2446; x_wconf 90' lang='lat' dir='ltr'>ple—</span> 
     </span>
     <span class='ocr_line' id='line_1_30' title="bbox 234 2469 1732 2523; baseline 0.002 -15"><span class='ocrx_word' id='word_1_282' title='bbox 234 2480 420 2519; x_wconf 87' lang='lat' dir='ltr'>rumque</span> <span class='ocrx_word' id='word_1_283' title='bbox 459 2470 616 2507; x_wconf 85' lang='lat' dir='ltr'>catena</span> <span class='ocrx_word' id='word_1_284' title='bbox 655 2469 874 2520; x_wconf 86' lang='lat' dir='ltr'>alligatus,</span> <span class='ocrx_word' id='word_1_285' title='bbox 917 2483 1002 2522; x_wconf 91' lang='lat' dir='ltr'>quo</span> <span class='ocrx_word' id='word_1_286' title='bbox 1043 2470 1189 2522; x_wconf 87' lang='lat' dir='ltr'>aptior</span> <span class='ocrx_word' id='word_1_287' title='bbox 1219 2471 1287 2511; x_wconf 88' lang='lat' dir='ltr'>est</span> <span class='ocrx_word' id='word_1_288' title='bbox 1324 2469 1595 2523; x_wconf 86' lang='lat' dir='ltr'>comparatio</span> <span class='ocrx_word' id='word_1_289' title='bbox 1632 2483 1732 2511; x_wconf 89' lang='lat' dir='ltr'>cum</span> 
     </span>
    </p>
   </div>
   <div class='ocr_carea' id='block_1_3' title="bbox 235 2544 1819 2598">
    <p class='ocr_par' dir='ltr' id='par_1_4' title="bbox 235 2544 1819 2598">
     <span class='ocr_line' id='line_1_31' title="bbox 235 2544 1819 2598; baseline 0.001 -14"><span class='ocrx_word' id='word_1_290' title='bbox 235 2545 431 2585; x_wconf 87' lang='lat' dir='ltr'>amatore</span> <span class='ocrx_word' id='word_1_291' title='bbox 470 2544 641 2592; x_wconf 83' lang='lat' dir='ltr'>vinct0;</span> <span class='ocrx_word' id='word_1_292' title='bbox 685 2546 735 2585; x_wconf 82' lang='lat' dir='ltr'>cf.</span> <span class='ocrx_word' id='word_1_293' title='bbox 767 2545 842 2586; x_wconf 85' lang='lat' dir='ltr'>Ov.</span> <span class='ocrx_word' id='word_1_294' title='bbox 870 2546 966 2587; x_wconf 87' lang='lat' dir='ltr'>Am.</span> <span class='ocrx_word' id='word_1_295' title='bbox 995 2546 1027 2587; x_wconf 92' lang='lat' dir='ltr'>I.</span> <span class='ocrx_word' id='word_1_296' title='bbox 1059 2548 1098 2597; x_wconf 77' lang='lat'>6,</span> <span class='ocrx_word' id='word_1_297' title='bbox 1131 2548 1179 2589; x_wconf 85' lang='lat'>1:</span> <span class='ocrx_word' id='word_1_298' title='bbox 1212 2546 1404 2587; x_wconf 89' lang='lat' dir='ltr'>«Ianitor</span> <span class='ocrx_word' id='word_1_299' title='bbox 1440 2544 1689 2598; x_wconf 79' lang='lat' dir='ltr'>(indignum</span> <span class='ocrx_word' id='word_1_300' title='bbox 1706 2547 1732 2598; x_wconf 76' lang='lat'>1)</span> <span class='ocrx_word' id='word_1_301' title='bbox 1814 2580 1819 2586; x_wconf 80' lang='grc'>.</span> 
     </span>
    </p>
   </div>
   <div class='ocr_carea' id='block_1_4' title="bbox 228 2619 1730 2756">
    <p class='ocr_par' dir='ltr' id='par_1_5' title="bbox 228 2619 1730 2756">
     <span class='ocr_line' id='line_1_32' title="bbox 234 2619 1730 2678; baseline 0.002 -17"><span class='ocrx_word' id='word_1_302' title='bbox 234 2619 344 2663; x_wconf 85' lang='lat' dir='ltr'>dura</span> <span class='ocrx_word' id='word_1_303' title='bbox 369 2621 553 2673; x_wconf 82' lang='lat' dir='ltr'>religate</span> <span class='ocrx_word' id='word_1_304' title='bbox 581 2624 778 2663; x_wconf 83' lang='lat' dir='ltr'>catena».</span> <span class='ocrx_word' id='word_1_305' title='bbox 806 2647 864 2650; x_wconf 96' lang='lat'><strong>—</strong></span> <span class='ocrx_word' id='word_1_306' title='bbox 890 2620 995 2664; x_wconf 71' lang='lat' dir='ltr'>Non</span> <span class='ocrx_word' id='word_1_307' title='bbox 1032 2635 1113 2678; x_wconf 75' lang='lat'>090</span> <span class='ocrx_word' id='word_1_308' title='bbox 1154 2621 1342 2665; x_wconf 76' lang='lat' dir='ltr'>laudari</span> <span class='ocrx_word' id='word_1_309' title='bbox 1367 2633 1488 2674; x_wconf 77' lang='lat' dir='ltr'>curo,</span> <span class='ocrx_word' id='word_1_310' title='bbox 1513 2626 1605 2662; x_wconf 81' lang='lat' dir='ltr'>non</span> <span class='ocrx_word' id='word_1_311' title='bbox 1631 2635 1730 2664; x_wconf 89' lang='lat' dir='ltr'>sum</span> 
     </span>
     <span class='ocr_line' id='line_1_33' title="bbox 228 2696 1728 2756; baseline 0.003 -18"><span class='ocrx_word' id='word_1_312' title='bbox 228 2696 421 2750; x_wconf 82' lang='lat' dir='ltr'>cupidus</span> <span class='ocrx_word' id='word_1_313' title='bbox 459 2697 610 2749; x_wconf 85' lang='lat' dir='ltr'>gloriae</span> <span class='ocrx_word' id='word_1_314' title='bbox 648 2696 829 2747; x_wconf 85' lang='lat' dir='ltr'>bellicae,</span> <span class='ocrx_word' id='word_1_315' title='bbox 870 2701 920 2741; x_wconf 90' lang='lat' dir='ltr'>ut</span> <span class='ocrx_word' id='word_1_316' title='bbox 956 2699 1082 2756; x_wconf 87' lang='lat' dir='ltr'>Prop.</span> <span class='ocrx_word' id='word_1_317' title='bbox 1109 2699 1143 2741; x_wconf 90' lang='grc' dir='ltr'>Ι.</span> <span class='ocrx_word' id='word_1_318' title='bbox 1165 2701 1211 2748; x_wconf 76' lang='grc'>’6,</span> <span class='ocrx_word' id='word_1_319' title='bbox 1240 2701 1323 2742; x_wconf 72' lang='lat'>29:</span> <span class='ocrx_word' id='word_1_320' title='bbox 1355 2699 1590 2752; x_wconf 82' lang='lat' dir='ltr'>«Nonego</span> <span class='ocrx_word' id='word_1_321' title='bbox 1630 2713 1728 2742; x_wconf 88' lang='lat' dir='ltr'>sum</span> 
     </span>
    </p>
   </div>
  </div>
 </body>
</html>
