1942 3132
0 2815 7 2878 -·--
0 2676 10 2799 -yq--r-
0 2639 10 2662 Ἶ

748 215 806 246 u>
826 215 857 246 1.
882 213 941 255 ιο,
963 213 1133 245 39—52.
1635 203 1705 239 105

181 338 290 377 nien
306 333 428 377 abire
445 333 616 388 genis».
637 357 696 363 ——
714 332 778 377 ad
793 331 1013 377 obscuros
1028 365 1040 377 .
1062 365 1073 376 .
1092 364 1104 375 .
1132 333 1278 386 lacus,
1307 334 1499 378 flumina
1523 336 1706 379 inferna

181 410 306 453 lacus
331 413 470 459 vocat,
499 410 605 465 quia
630 409 756 452 tarde
785 409 946 457 fluunt,
975 412 1029 452 ut
1046 410 1166 452 intra
1183 409 1240 452 H.
1272 412 1313 460 6,
1340 412 1426 454 46:
1461 412 1621 455 «Venit
1648 413 1705 456 ad

182 488 387 530 infernos
412 487 764 542 sanguinolenta
789 487 958 538 lacus»;
987 488 1040 530 cf.
1061 487 1190 542 Vei-g.
1218 488 1329 531 Aen.
1358 488 1430 531 VI.
1468 490 1576 533 134:
1611 491 1703 535 «bis

182 562 360 618 Stygios
380 563 541 606 innare
557 563 708 607 lacus»
732 566 778 606 et
794 563 882 606 369
899 580 908 606 :
933 580 949 602 «
960 561 1250 620 Stygiamque
1267 564 1428 607 innare
1444 565 1658 620 paludem
1667 581 1703 616 »;

178 639 288 683 Hor.
317 639 462 684 Carm.
491 641 547 683 ΙΙ.
573 641 639 690 14,
662 641 864 683 17—18:
897 639 1149 683 «Visendus
1165 644 1265 683 ater
1280 640 1469 684 flumine
1487 642 1703 696 languido

180 717 372 773 Cocytos
404 731 584 760 errans»
629 720 675 760 et
710 717 840 772 Prop.
874 717 932 760 H.
974 719 1046 767 28,
1086 720 1295 761 41—-42z
1330 718 1457 762 «Una
1484 721 1595 762 ratis
1623 721 1703 763 fati

180 798 361 838 nostros
376 795 575 850 portabit
593 808 770 837 amores
796 794 971 838 Caerula
998 796 1054 839 ad
1071 796 1275 840 infernos
1292 796 1516 840 velificata
1532 799 1701 840 lacus».

238 873 287 915 V.
318 874 508 916 39—4-4.
542 871 745 929 Occupat
770 907 779 916 .
809 907 819 916 .
850 907 859 916 .
882 874 1027 931 pigra
1053 877 1251 925 senecta,
1280 877 1331 918 ut
1356 875 1478 917 infra
1502 875 1536 917 Ι.
1562 876 1597 925 1,
1621 877 1672 918 71
1694 893 1703 918 ε

186 950 308 992 «Iam
335 950 546 1005 subrepet
561 950 684 993 iners
709 952 843 993 aetas»
852 965 863 1001 3
891 952 1098 1007 occupat,
1116 952 1223 1006 quja
1249 952 1425 1007 obrepit
1437 965 1534 994 non
1559 954 1704 994 anim·
1729 947 1733 950 ⁴

178 1027 376 1078 adversa,
416 1031 468 1070 ut
503 1027 614 1070 Hor.
653 1027 733 1083 Ep.
772 1028 806 1071 L
848 1029 918 1079 20,
976 1030 1178 1072 17—18:
1231 1043 1420 1084 «pueros
1481 1030 1706 1073 elementa

177 1105 415 1148 docentem
441 1104 640 1160 Occupet
666 1107 877 1149 extremis
904 1107 953 1149 in
979 1108 1090 1159 vicis
1116 1107 1250 1150 balba
1276 1111 1512 1150 senectus»
1538 1111 1582 1150 et
1608 1109 1702 1151 Iuv.

182 1181 271 1226 Sat.
300 1182 375 1226 IX.
410 1183 519 1227 129:
552 1184 754 1239 «obrepit
779 1199 874 1228 non
911 1185 1146 1228 intellecta
1186 1188 1438 1236 senectus»;
1474 1187 1628 1242 piyra,
1654 1190 1707 1228 ut

178 1261 297 1303 infra
321 1261 377 1303 IL
409 1263 448 1312 2,
481 1262 560 1305 19:
594 1262 746 1305 «tarda
785 1265 1018 1306 senectus»
1050 1266 1095 1306 et
1119 1263 1152 1305 L
1186 1263 1223 1311 1,
1253 1264 1338 1306 71:
1372 1264 1518 1305 «iners
1549 1266 1701 1313 aetas»,

179 1338 285 1393 quia
310 1342 470 1382 avocat
490 1353 517 1382 a
542 1339 676 1382 rebus
692 1340 903 1394 gerendis
922 1343 967 1383 et
982 1352 1147 1396 corpus
1171 1340 1320 1384 reddit
1343 1341 1624 1396 languidum.
1645 1366 1704 1370 —

177 1414 381 1472 calidam
416 1417 536 1475 fesso
577 1421 819 1474 comparat
850 1431 976 1462 uxor
1002 1432 1191 1476 aquam,
1221 1419 1278 1462 ad
1302 1420 1544 1470 balneum:
1568 1422 1705 1475 poeta

178 1496 283 1537 ante
309 1495 466 1538 oculos
492 1496 650 1538 habuit
674 1495 783 1539 Hor.
812 1497 953 1552 Epod.
984 1499 1024 1547 2,
1053 1498 1261 1541 43—44:
1285 1496 1497 1540 «Sacrum
1512 1497 1703 1540 vetustis

176 1571 315 1626 lignis
353 1576 552 1616 exstruat
589 1575 738 1616 focum
776 1575 908 1617 Lassi
947 1575 1030 1617 sub
1069 1574 1314 1617 adventum
1348 1575 1458 1617 viri»
1474 1591 1508 1616 n.
1537 1600 1597 1604 —
1624 1573 1704 1617 Sic

179 1661 259 1706 eqo
285 1649 389 1700 sim,
416 1653 467 1693 ut
492 1651 635 1695 Plaut.
663 1652 824 1707 Amph.
855 1654 969 1696 573:
1003 1654 1205 1695 «utinam
1231 1654 1295 1696 ita
1321 1667 1493 1696 essem»
1517 1655 1563 1695 et
1586 1654 1702 1695 604:

184 1725 272 1767 «sic
298 1740 410 1773 sum,
438 1730 490 1769 ut
514 1727 682 1770 vides».
711 1753 771 1758 ——
798 1729 1020 1786 liceatque
1061 1733 1199 1785 eaput
1239 1729 1512 1773 candescere
1555 1729 1702 1777 came,

179 1801 327 1844 locum
366 1803 570 1846 imitatur
605 1805 736 1859 Prop.
777 1806 834 1847 IL
865 1807 904 1851 8.
934 1808 988 1848 5:
1022 1805 1166 1857 «Quid
1204 1819 1311 1847 mea
1353 1806 1390 1846 si
1430 1806 1556 1847 canis
1595 1809 1703 1846 aetas

178 1880 466 1923 candesceret
490 1882 678 1925 annis?»
710 1907 769 1912 —
795 1883 943 1935 canis,
968 1897 1027 1925 sc.
1068 1883 1259 1936 capillis,
1298 1886 1349 1924 ut
1386 1882 1540 1925 Graece
1565 1882 1700 1924 Anth.

179 1956 270 1999 Pal.
299 1957 349 2000 V.
391 1959 460 2002 76.
490 1959 543 2001 3:
581 1958 811 2018 Ἠλλάχθη
851 1960 898 2003 δὲ
924 1963 1063 2017 χρόνῳ
1101 1963 1174 2003 καὶ
1200 1963 1339 2017 »γήραϊ
1376 1962 1449 2003 καὶ
1487 1960 1701 2008 πολιαῖσι;

181 2034 345 2077 Latine
387 2034 475 2078 Cic.
524 2035 698 2079 Senect.
743 2037 824 2080 18:
881 2037 1006 2079 «Non
1061 2038 1175 2081 cani.
1220 2051 1312 2080 non
1355 2051 1477 2091 rugae
1517 2040 1704 2092 repente

183 2111 499 2175 auctoritatem
538 2113 735 2167 arripere
773 2118 990 2168 possunt»
1023 2117 1066 2156 et
1093 2113 1171 2157 Ov.
1211 2112 1316 2156 Met.
1358 2114 1436 2156 ΠΙ.
1466 2115 1581 2157 516:
1614 2114 1702 2156 «al-

181 2188 338 2231 bentia
365 2191 570 2244 tempora
595 2191 763 2234 canis».
782 2215 843 2221 ——
876 2190 1114 2248 Temporis
1142 2193 1186 2235 et
1205 2192 1355 2248 prisci
1381 2192 1507 2248 facta
1531 2191 1703 2247 referre

180 2279 348 2320 senem,
385 2282 566 2311 versum
604 2270 808 2312 imitatur
844 2269 982 2325 Lygd.
1011 2271 1052 2321 5,
1081 2271 1165 2312 2⁴5:
1198 2269 1280 2311 «Et
1316 2270 1506 2311 referam
1547 2269 1703 2324 pueris

182 2347 387 2398 tempora
411 2345 561 2399 prisca
587 2359 762 2388 senex».

179 2419 212 2476 ζ’.
240 2420 289 2462 V.
318 2422 510 2463 45——52.
541 2420 737 2470 Interea,
762 2421 870 2464 dum
897 2423 987 2465 ruri
1029 2436 1227 2465 senesco.
1256 2448 1315 2452 —
1342 2421 1447 2465 Pax
1484 2421 1702 2474 candida,

179 2498 286 2552 quia
309 2497 394 2542 dea
418 2498 507 2539 Pax
521 2497 757 2540 candidam
774 2501 947 2541 vestem
964 2500 1111 2550 habet,
1139 2502 1191 2542 ut
1217 2500 1364 2542 elucet
1390 2500 1511 2541 infra
1527 2513 1592 2542 vs.
1615 2500 1700 2540 68:

188 2573 412 2616 «Profluat
437 2577 481 2617 et
506 2575 655 2629 pomis
681 2574 900 2617 candjdus
927 2579 1032 2618 ante
1059 2577 1212 2619 sinus»
1222 2592 1232 2627 ;
1261 2576 1386 2618 color
1402 2576 1531 2618 albus
1550 2579 1701 2617 autem

183 2649 444 2693 felicit-atem
472 2650 706 2705 significat.
735 2675 794 2680 —-
820 2649 969 2695 Duxit
1002 2654 1223 2696 araturos
1263 2652 1351 2695 sub
1389 2653 1505 2710 iuya
1536 2650 1697 2707 panda

186 2724 331 2776 boves,
373 2728 522 2770 locum
566 2727 770 2769 imitatur
811 2726 889 2770 Ov.
929 2729 1026 2771 Am.
1066 2728 1099 2771 Ι.
1139 2730 1206 2780 13,
1241 2730 1321 2771 16:
1353 2729 1527 2770 «Prima
1568 2740 1701 2768 vocas
