1942 3132
784 213 842 244 An
862 213 894 244 1.
915 211 951 251 4,
975 211 1144 243 45—50.
1676 200 1726 238 75

208 329 407 385 Ferrugo
432 332 583 386 igitur,
612 344 709 386 quae
734 330 906 386 passim
931 330 1052 385 apud
1078 331 1318 385 scriptores
1352 331 1539 375 Latinos
1565 332 1724 376 obscu-

208 390 310 450 rum
335 409 534 451 colorem
564 407 786 464 significat
810 410 878 460 (ut
903 421 939 449 e.
966 421 1008 462 g.
1038 407 1198 450 Catull.
1229 409 1298 456 64,
1329 410 1442 451 227:
1476 409 1724 453 «Carbasus

209 484 446 528 obscurata
472 485 598 528 decet
624 485 850 539 ferrugine
876 484 1044 526 Hibera
1054 486 1105 536 υ),
1139 485 1226 527 hoc
1251 486 1350 528 loco
1378 486 1433 528 ad
1459 487 1626 528 nubem
1654 489 1726 528 est

207 562 452 612 referenda,
477 562 606 619 picta-
632 565 782 605 autem
808 561 864 604 ad
889 562 1038 604 varios
1077 563 1251 605 colores
1284 577 1437 613 arcus;
1477 565 1530 606 cf.
1566 563 1719 607 Senec.

206 639 305 682 Nat.
343 640 506 692 Quaest.
535 640 569 682 1.
600 642 639 689 3,
668 640 721 682 3:
755 652 872 681 anon
898 638 948 680 fit
987 639 1109 681 enim
1147 653 1348 695 unquam
1387 654 1517 683 arcus
1555 640 1645 682 nisi
1671 640 1722 683 in

206 716 388 760 nubilo·
422 720 467 759 et
491 717 596 760 ibid.
627 717 666 767 3,
694 717 749 759 4:
782 715 1022 758 «Videmus
1046 717 1095 758 in
1123 730 1175 759 eo
1203 717 1373 772 aliquid
1397 717 1610 766 flammei,
1639 718 1720 759 ali-

159 850 162 853 *
206 793 314 849 quid
339 795 463 844 lutei,
492 792 663 849 aliquid
686 793 866 835 caerulei
893 795 936 835 et
959 793 1048 835 alia
1072 794 1122 836 in
1138 795 1323 849 picturae
1339 795 1526 838 modum
1545 795 1720 838 subtili-

205 870 289 913 bus
305 872 441 914 lineis
458 871 615 914 ducta»
634 885 647 921 3
674 869 751 913 Ov.
779 869 885 912 Met.
914 870 1028 912 XIV.
1054 872 1194 914 838—
1207 873 1319 915 839:
1355 873 1426 914 «in
1444 876 1610 915 terram
1626 874 1720 928 pic-

204 951 276 991 tos
301 948 486 1004 delapsa
509 961 591 1004 per
616 961 743 990 arcus
764 980 775 989 .
800 980 811 990 .
835 980 846 989 .
886 948 997 990 Iris»
1029 952 1074 990 et
1099 948 1171 990 VI.
1213 950 1323 992 63-
1335 950 1417 992 64:
1456 950 1636 1003 «Qualis
1664 950 1722 992 ab

203 1026 347 1069 imbre
373 1027 489 1068 solet
513 1026 738 1082 percussis
765 1025 937 1068 solibus
959 1039 1087 1068 arcus
1113 1026 1301 1069 Inficere
1328 1027 1504 1082 ingenti
1530 1028 1720 1082 longum

203 1104 463 1146 curvamine
488 1104 671 1146 caelum»
691 1118 702 1153 ;
730 1102 838 1146 Stat.
882 1103 986 1146 Silv.
1015 1104 1065 1146 V.
1112 1106 1147 1153 1,
1193 1106 1440 1148 103—104.
1481 1105 1535 1148 de
1573 1106 1719 1149 Iride:

209 1180 429 1236 «Quaeque
467 1180 586 1223 cadit
615 1181 811 1236 liquidas
846 1182 1043 1224 Iunonia
1067 1183 1193 1236 virgo
1221 1197 1302 1237 per
1327 1197 1460 1226 auras
1490 1183 1548 1226 Et
1573 1184 1716 1239 pictu-

202 1260 300 1300 rato
325 1258 529 1312 pluvium
555 1259 667 1313 ligat
691 1259 859 1300 aethera
876 1272 1027 1313 gyro».
1057 1284 1116 1288 —
1141 1258 1393 1304 Portendat
1414 1260 1604 1317 pluvias
1632 1262 1716 1305 im-

204 1333 349 1391 brifer
390 1348 528 1378 arcus
570 1348 737 1391 aquas,
779 1336 954 1391 antiqui
1005 1336 1246 1378 credebant
1292 1351 1446 1380 arcum
1492 1340 1718 1383 caelestem

201 1424 364 1467 aquam
391 1412 528 1455 maris
554 1416 598 1454 et
622 1412 865 1455 fluviorum
891 1413 1041 1455 bibere
1067 1415 1220 1469 itaque
1246 1415 1389 1457 nubes
1418 1416 1551 1466 alere,
1579 1431 1718 1472 quare

199 1488 327 1542 Verg.
357 1489 435 1532 Ge.
462 1490 496 1531 L
527 1491 776 1533 380-381.
805 1491 925 1532 inter
950 1491 1079 1545 signa
1105 1491 1263 1534 imbris
1281 1493 1421 1535 futuri
1444 1506 1715 1538 commemo-

197 1569 294 1609 rat:
327 1570 397 1609 «et
416 1566 528 1610 bibit
554 1568 715 1621 ingens
739 1569 905 1610 Arcus»
925 1583 937 1619 ;
964 1569 1018 1610 cf.
1048 1568 1125 1612 Ov.
1154 1568 1261 1611 Met.
1281 1569 1316 1611 Ι.
1338 1571 1450 1613 9271:
1484 1571 1719 1627 «Concipit

198 1643 284 1686 Iris
310 1658 449 1699 aquas
474 1645 779 1700 alimentaque
803 1645 1003 1688 -nubibus
1036 1646 1223 1689 adfert».
1252 1672 1311 1676 —
1337 1645 1589 1692 Portendat
1610 1651 1715 1706 plu-

199 1722 300 1765 vias
319 1754 330 1764 .
355 1754 366 1764 .
390 1754 401 1764 .
431 1735 595 1779 aquas,
625 1737 677 1765 ex
700 1737 803 1765 mea
835 1724 1120 1774 coniectura3
1162 1726 1215 1766 cf.
1257 1725 1377 1767 infra
1404 1725 1503 1768 adn.
1535 1728 1629 1769 crit.
1660 1729 1716 1770 ad

200 1799 242 1841 h.
270 1799 298 1840 1.
326 1799 517 1842 Versum
556 1801 776 1855 respicere
814 1801 1027 1844 videntur
1056 1801 1171 1843 Plin.
1201 1802 1251 1843 N.
1280 1802 1336 1844 H.
1365 1803 1421 1844 H.
1457 1805 1566 1846 150:
1612 1806 1716 1846 «Ar-

199 1889 310 1918 cuus
334 1889 548 1919 vocamus
575 1879 697 1919 extra
722 1878 991 1919 miraculum
1028 1878 1286 1933 frequentes
1324 1883 1368 1921 et
1408 1884 1529 1922 extra
1563 1883 1711 1923 osten-

199 1956 310 2004 tum,
339 1967 445 1996 nam
483 1967 541 1995 ne
578 1953 757 2010 pluvios
797 1954 978 2008 quidem
1017 1958 1096 1996 aut
1135 1969 1318 1997 serenos
1357 1955 1455 1999 dies
1493 1971 1593 2000 cum
1625 1957 1714 2000 fide

196 2028 501 2088 portmzdunt»
533 2034 579 2072 et
604 2030 734 2086 Prop.
769 2031 849 2073 HL
885 2033 925 2082 5,
963 2033 1047 2075 32:
1092 2032 1372 2087 «Purpureus
1405 2034 1596 2089 pluvias
1634 2049 1714 2078 cur

198 2108 311 2150 bibit
349 2121 487 2151 arcus
520 2120 715 2164 aquas».
745 2133 803 2138 —
841 2107 1055 2166 imbrifer
1092 2122 1242 2163 arcus,
1276 2110 1504 2154 Tibullum
1540 2112 1711 2156 imitari

196 2186 375 2229 videtur
396 2184 505 2227 Stat.
524 2185 661 2228 Theb.
681 2185 757 2227 IX.
775 2186 892 2228 404:
925 2186 1007 2228 «At
1027 2190 1156 2241 pater
1172 2201 1335 2230 arcano
1353 2189 1555 2232 residens
1571 2190 1710 2233 Isme—

198 2276 283 2305 nos
309 2263 358 2305 in
384 2268 527 2308 antro,
556 2262 685 2305 Unde
724 2276 843 2304 aurae
870 2263 1103 2319 nubesque
1145 2263 1304 2306 bibunt
1342 2269 1475 2320 atque
1509 2267 1715 2311 imbrifer

198 2353 383 2389 arcus»;
417 2340 536 2382 idem
563 2337 784 2393 significat
809 2339 918 2382 Hor.
946 2342 995 2383 A.
1023 2341 1069 2383 P.
1100 2343 1179 2384 18:
1213 2343 1418 2396 «pluvius
1445 2357 1616 2387 arcus».

257 2417 308 2460 V.
336 2418 394 2459 45
411 2418 528 2459 —50.
566 2415 644 2460 Vel
671 2417 714 2459 si
745 2417 969 2460 caeruleas
996 2422 1092 2468 etc„
1121 2420 1410 2474 cogitandum
1436 2421 1490 2463 de
1525 2424 1707 2476 naviga-

197 2494 320 2536 tione
358 2494 606 2548 voluptatis
647 2507 781 2536 causa
819 2495 867 2536 in
905 2495 994 2538 levi
1033 2497 1194 2539 cumba
1232 2501 1451 2552 suscepta.
1481 2524 1540 2529 —-
1565 2499 1709 2543 duros

198 2570 397 2614 subiisse
424 2571 622 2624 laboreS,
639 2572 850 2626 intellege
876 2572 1053 2616 labores
1079 2576 1283 2627 rusticos,
1302 2577 1457 2630 qua-les
1484 2590 1531 2619 se
1558 2578 1707 2619 Tibul·

197 2649 270 2692 lus
294 2662 376 2704 pro
416 2650 559 2691 amica
597 2649 790 2692 libenter
814 2655 1125 2706 suscepturum
1163 2652 1271 2695 dicit
1304 2654 1359 2695 Π.
1400 2655 1439 2703 3,
1468 2656 1612 2698 5—6:
1646 2655 1710 2697 «O

197 2738 293 2780 ego,
321 2740 424 2769 cum
449 2727 694 2781 aspicerem
722 2726 967 2779 dominam,
994 2742 1128 2784 quam
1156 2731 1330 2773 fortiter
1350 2731 1446 2772 illic
1472 2731 1707 2773 Yersarem
