1942 3132
265 218 311 252 90
838 232 894 260 AD
915 233 945 261 1.
969 231 1002 268 8,
1028 231 1196 261 67—78.

323 348 372 389 V.
403 348 591 390 67—70.
619 348 728 403 fletu
755 348 932 391 lumina
970 348 1096 404 fessa
1135 350 1326 402 tument,
1353 350 1403 390 ut
1429 347 1588 390 Catull.
1618 350 1658 395 2,
1691 351 1768 393 18:

269 424 462 466 «Flendo
489 424 703 478 turgiduli
741 426 903 467 rubent
929 426 1101 467 ocelli».
1131 426 1268 466 Poeta
1306 439 1499 479 puerum
1530 425 1767 479 pulchrum

262 501 368 543 flere
393 504 515 544 vetat
553 501 707 543 eadem
745 502 798 543 de
836 516 981 552 causa,
1024 515 1112 556 qua
1148 502 1360 543 Nemesin
1386 502 1441 543 ΙΙ.
1473 503 1513 553 6,
1539 503 1624 545 43:
1657 502 1770 545 «Nec

261 577 457 620 lacrimis
485 578 637 620 oculos
664 578 798 633 digna
825 582 892 621 est
918 580 1085 621 foedare
1111 580 1362 633 loquaces».
1391 604 1450 607 —
1466 564 1561 621 Nec:
1585 578 1771 634 prodest

262 655 434 698 sanctis
474 657 582 697 tura
618 654 800 698 dedisse
839 656 967 712 focis,
994 671 1101 697 nam
1129 656 1190 697 dii
1218 658 1516 709 aspernantur
1541 656 1661 698 dona
1686 657 1767 698 im-

260 732 438 785 piorum
454 746 464 780 ;
492 733 543 773 cf.
574 731 660 774 Cic.
689 732 755 774 De
781 732 892 786 legg.
927 733 982 774 H.
1013 735 1065 775 9:
1100 733 1294 786 «Impius
1320 746 1377 773 ne
1406 732 1566 774 audeto
1592 733 1767 786 placare

259 807 391 850 donis
418 809 530 851 iram
558 810 786 850 deorum».

318 885 367 926 V.
397 887 585 928 71Ἣψ74.
615 885 859 929 Marathus
886 885 1120 942 quondam
1159 885 1353 927 miseros
1382 884 1567 928 ludebat
1595 899 1764 930 aman·
1847 916 1856 932 .

260 963 339 1013 tes,
379 962 539 1003 alludit
575 962 631 1004 ad
671 963 820 1004 locum
865 963 1015 1016 elegiae
1059 962 1364 1015 praecedentis,
1393 962 1425 1002 Ι.
1455 963 1495 1010 4,
1526 964 1606 1004 81:
1641 963 1767 1005 «Heu

259 1038 345 1079 heu
372 1051 505 1092 quam
532 1038 765 1080 Marathus
791 1040 913 1080 lento
940 1053 1011 1080 me
1036 1040 1214 1092 torquet
1240 1052 1416 1080 amore»
1450 1041 1528 1081 etc.
1557 1064 1616 1067 κ
1636 1040 1764 1083 ulto-

255 1127 354 1157 rem
392 1118 501 1170 post
546 1117 682 1171 caput
728 1129 826 1158 esse
863 1116 1012 1167 deum,
1055 1119 1104 1157 ut
1143 1115 1293 1158 senec.
1335 1115 1464 1158 Herc.
1507 1117 1608 1158 Fur.
1653 1118 1765 1159 385:

262 1190 495 1244 «Sequitur
534 1193 753 1245 superbus
792 1193 912 1234 ultor
939 1207 963 1234 a
989 1196 1111 1246 tergo
1153 1188 1302 1235 deus».
1333 1192 1442 1237 Post
1481 1195 1618 1248 caput
1644 1194 1764 1235 inso—

254 1268 399 1309 lenter
424 1282 527 1321 pro:
556 1283 581 1310 a
606 1272 756 1322 tergo;
797 1271 849 1311 cf.
880 1269 1085 1323 Sophocl.
1127 1271 1272 1323 Antig.
1309 1272 1627 1312 1272-1274:
1661 1269 1702 1311 ἐν
1730 1268 1764 1311 δ’

244 1343 341 1400 ,ἐμῷ
366 1349 479 1400 κάρᾳ.
505 1346 612 1393 Θεὸς
638 1345 718 1388 τότ’
747 1346 831 1402 ἄρα
857 1349 947 1388 τότε
975 1351 1081 1403 μέγα
1109 1349 1237 1402 βάρος
1267 1347 1308 1403 μ’
1337 1347 1444 1403 ἔχων
1472 1346 1764 1389 γΕπαισεν.-

253 1419 405 1474 deum,
441 1422 662 1471 Amorem,
707 1424 780 1477 qui
819 1423 1050 1464 ulciscitur
1091 1427 1313 1465 amatores
1353 1437 1378 1464 a
1413 1423 1621 1464 Maratho
1659 1436 1763 1464 con-

251 1499 456 1551 temptos.
486 1523 541 1526 Q
570 1498 804 1554 cupidum,
834 1502 886 1540 cf.
917 1500 1017 1541 adn.
1048 1513 1183 1554 supra
1209 1500 1265 1541 ad
1291 1513 1352 1541 vs.
1383 1502 1453 1542 56.
1483 1525 1541 1527 —v
1566 1501 1672 1556 ficta
1690 1533 1699 1541 .
1722 1532 1760 1542 ..

252 1586 399 1625 mora,
424 1574 525 1616 ficta
553 1589 688 1617 causa
714 1577 960 1618 differendi.

310 1650 359 1692 V.
390 1653 414 1692 7
420 1653 579 1693 5—-78.
600 1654 809 1707 opposita
828 1687 836 1695 .
855 1688 863 1695 .
887 1688 895 1695 .
917 1666 1034 1703 sera,
1065 1667 1165 1695 sera
1183 1654 1304 1695 enim
1322 1653 1563 1708 opponitur
1587 1654 1760 1703 ianuae;

252 1728 305 1768 cf.
335 1727 410 1770 Ov.
439 1729 535 1769 Am.
564 1730 641 1770 ΠΙ.
678 1731 742 1778 14,
777 1732 855 1772 10:
880 1730 1122 1784 «Opposita
1142 1731 1360 1784 populum
1387 1732 1641 1773 summovet
1656 1732 1760 1772 ante

253 1817 373 1845 sera»
419 1811 461 1846 et
497 1807 546 1846 A.
575 1807 623 1847 A.
652 1807 707 1847 ΙΙ.
738 1808 851 1849 244:
886 1808 1051 1861 «Atque
1096 1809 1179 1849 erit
1222 1808 1429 1862 opposita
1469 1808 1607 1849 ianua
1647 1808 1761 1850 fulta

251 1894 390 1923 sera».
410 1907 468 1909 —-
494 1883 642 1925 ianua
668 1882 803 1934 dura,
832 1883 1036 1934 crudelis,
1067 1885 1172 1938 quia
1199 1885 1353 1926 clausa
1379 1887 1457 1934 est,
1486 1886 1537 1925 ut
1562 1885 1594 1925 I.
1620 1886 1656 1934 1,
1674 1886 1758 1927 56:

256 1957 335 1999 «Et
361 1960 492 2001 sedeo
526 1959 660 2001 duras
693 1961 861 2002 ianitor
898 1964 1001 2002 ante
1041 1963 1182 2003 fores»
1217 1964 1260 2002 et
1285 1961 1317 2002 Ι.
1347 1963 1386 2011 2,
1416 1963 1469 2004 6:
1503 1961 1759 2004 «Clauditur

251 2036 294 2076 et
319 2033 430 2077 dura
455 2036 593 2078 ianua
617 2036 747 2078 firma
774 2049 896 2079 sera»
930 2041 974 2079 et
997 2038 1054 2079 Π.
1086 2039 1124 2088 6,
1152 2039 1238 2080 47;
1270 2051 1321 2079 «a
1345 2038 1503 2080 limine
1530 2038 1682 2080 duro».

966 2255 1044 2296 ΠΙ.

821 2372 910 2412 Lib.
939 2372 972 2412 I.
1001 2373 1114 2423 eleg.
1141 2375 1181 2413 9.

307 2492 679 2536 Introductio.
707 2495 843 2537 Poeta
871 2497 1076 2551 obiurgat
1101 2497 1369 2549 Marathum,
1398 2500 1471 2553 qui
1497 2499 1612 2540 lucri
1629 2500 1751 2554 cupi-

248 2568 385 2611 ditate
423 2572 655 2624 corruptus
682 2573 759 2613 alii
787 2575 976 2615 amatori
1004 2588 1049 2616 se
1076 2574 1198 2617 dedit
1219 2577 1409 2628 (1-—16).
1437 2575 1622 2617 Frustra
1647 2589 1750 2617 eum

248 2646 450 2688 hortatus
490 2648 565 2696 est,
595 2660 652 2688 ne
690 2661 799 2690 auro
838 2662 884 2690 se
911 2652 1135 2705 corrumpi
1174 2652 1364 2701 sineret3
1402 2653 1553 2693 tamen
1592 2652 1751 2694 fefellit

248 2723 491 2765 amatorem
516 2735 648 2764 suum
673 2723 850 2766 fidelem
876 2727 1097 2779 (17—38).
1124 2728 1273 2769 Etiam
1299 2728 1462 2782 ingrati
1484 2728 1623 2769 animi
1641 2731 1750 2771 nota
