<?xml version="1.0" encoding="UTF-8"?>
<!DOCTYPE html PUBLIC "-//W3C//DTD XHTML 1.0 Transitional//EN"
    "http://www.w3.org/TR/xhtml1/DTD/xhtml1-transitional.dtd">
<html xmlns="http://www.w3.org/1999/xhtml" xml:lang="en" lang="en">
 <head>
  <title>
</title>
<meta http-equiv="Content-Type" content="text/html;charset=utf-8" />
  <meta name='ocr-system' content='tesseract 3.04.00' />
  <meta name='ocr-capabilities' content='ocr_page ocr_carea ocr_par ocr_line ocrx_word'/>
</head>
<body>
  <div class='ocr_page' id='page_1' title='image "./carminaaccedunts00tibuuoft_0123.png"; bbox 0 0 1942 3132; ppageno 0'>
   <div class='ocr_carea' id='block_1_1' title="bbox 756 220 1701 272">
    <p class='ocr_par' dir='ltr' id='par_1_1' title="bbox 756 220 1701 272">
     <span class='ocr_line' id='line_1_1' title="bbox 756 220 1701 272; baseline -0.01 -8"><span class='ocrx_word' id='word_1_1' title='bbox 756 233 814 264; x_wconf 74' lang='lat' dir='ltr'><strong>u&gt;</strong></span> <span class='ocrx_word' id='word_1_2' title='bbox 834 234 866 264; x_wconf 83' lang='lat'><strong>1.</strong></span> <span class='ocrx_word' id='word_1_3' title='bbox 887 233 923 271; x_wconf 81' lang='lat'><strong>3,</strong></span> <span class='ocrx_word' id='word_1_4' title='bbox 946 231 1114 272; x_wconf 72' lang='lat'>41—48.</span> <span class='ocrx_word' id='word_1_5' title='bbox 1626 220 1701 258; x_wconf 64' lang='lat'><strong>1192</strong></span> 
     </span>
    </p>
   </div>
   <div class='ocr_carea' id='block_1_2' title="bbox 167 350 1709 1721">
    <p class='ocr_par' dir='ltr' id='par_1_2' title="bbox 167 350 1696 639">
     <span class='ocr_line' id='line_1_2' title="bbox 188 350 1695 409; baseline 0.001 -14"><span class='ocrx_word' id='word_1_6' title='bbox 188 365 330 409; x_wconf 71' lang='lat' dir='ltr'><strong>vayus</strong></span> <span class='ocrx_word' id='word_1_7' title='bbox 356 385 367 395; x_wconf 88' lang='lat'><strong>.</strong></span> <span class='ocrx_word' id='word_1_8' title='bbox 395 385 406 395; x_wconf 94' lang='lat'><strong>.</strong></span> <span class='ocrx_word' id='word_1_9' title='bbox 434 385 445 395; x_wconf 91' lang='lat'><strong>.</strong></span> <span class='ocrx_word' id='word_1_10' title='bbox 473 352 651 406; x_wconf 73' lang='lat' dir='ltr'><strong>navita,</strong></span> <span class='ocrx_word' id='word_1_11' title='bbox 670 355 726 395; x_wconf 87' lang='lat' dir='ltr'><strong>-ut</strong></span> <span class='ocrx_word' id='word_1_12' title='bbox 750 351 859 394; x_wconf 83' lang='lat' dir='ltr'><strong>Hor.</strong></span> <span class='ocrx_word' id='word_1_13' title='bbox 885 351 939 393; x_wconf 89' lang='lat' dir='ltr'><strong>A.</strong></span> <span class='ocrx_word' id='word_1_14' title='bbox 964 350 1009 394; x_wconf 92' lang='lat' dir='ltr'><strong>P.</strong></span> <span class='ocrx_word' id='word_1_15' title='bbox 1043 351 1125 394; x_wconf 90' lang='lat'><strong>117</strong></span> <span class='ocrx_word' id='word_1_16' title='bbox 1143 366 1153 393; x_wconf 74' lang='grc' dir='ltr'><strong><em>ε</em></strong></span> <span class='ocrx_word' id='word_1_17' title='bbox 1186 355 1430 393; x_wconf 81' lang='lat' dir='ltr'><strong>«mercator</strong></span> <span class='ocrx_word' id='word_1_18' title='bbox 1455 366 1618 406; x_wconf 81' lang='lat' dir='ltr'><strong>vagus»</strong></span> <span class='ocrx_word' id='word_1_19' title='bbox 1651 356 1695 396; x_wconf 85' lang='lat' dir='ltr'><strong>et</strong></span> 
     </span>
     <span class='ocr_line' id='line_1_3' title="bbox 185 426 1694 484; baseline 0.001 -12"><span class='ocrx_word' id='word_1_20' title='bbox 185 429 340 472; x_wconf 82' lang='lat' dir='ltr'><strong>Manil.</strong></span> <span class='ocrx_word' id='word_1_21' title='bbox 388 430 423 472; x_wconf 94' lang='grc' dir='ltr'><strong>Ι.</strong></span> <span class='ocrx_word' id='word_1_22' title='bbox 471 431 555 472; x_wconf 88' lang='lat'><strong>87:</strong></span> <span class='ocrx_word' id='word_1_23' title='bbox 600 429 777 472; x_wconf 79' lang='lat' dir='ltr'><strong>«navita</strong></span> <span class='ocrx_word' id='word_1_24' title='bbox 821 441 1004 483; x_wconf 81' lang='lat' dir='ltr'><strong>vagus».</strong></span> <span class='ocrx_word' id='word_1_25' title='bbox 1047 452 1106 456; x_wconf 97' lang='lat'><strong>—</strong></span> <span class='ocrx_word' id='word_1_26' title='bbox 1147 426 1389 471; x_wconf 64' lang='lat' dir='ltr'><strong>Hesserat</strong></span> <span class='ocrx_word' id='word_1_27' title='bbox 1414 462 1424 471; x_wconf 94' lang='lat'>.</span> <span class='ocrx_word' id='word_1_28' title='bbox 1453 462 1463 471; x_wconf 93' lang='lat'><strong>.</strong></span> <span class='ocrx_word' id='word_1_29' title='bbox 1492 462 1501 471; x_wconf 92' lang='lat'>.</span> <span class='ocrx_word' id='word_1_30' title='bbox 1531 432 1694 484; x_wconf 76' lang='lat' dir='ltr'><strong>ratem,</strong></span> 
     </span>
     <span class='ocr_line' id='line_1_4' title="bbox 167 503 1696 559; baseline 0 -10"><span class='ocrx_word' id='word_1_31' title='bbox 167 509 462 555; x_wconf 82' lang='lat' dir='ltr'><strong>‘oneraverat‚</strong></span> <span class='ocrx_word' id='word_1_32' title='bbox 505 510 555 549; x_wconf 90' lang='lat' dir='ltr'><strong>ut</strong></span> <span class='ocrx_word' id='word_1_33' title='bbox 592 506 720 559; x_wconf 86' lang='lat' dir='ltr'><strong>Verg.</strong></span> <span class='ocrx_word' id='word_1_34' title='bbox 761 503 840 548; x_wconf 88' lang='lat' dir='ltr'><strong>Ge.</strong></span> <span class='ocrx_word' id='word_1_35' title='bbox 879 504 914 547; x_wconf 90' lang='lat' dir='ltr'><strong>L</strong></span> <span class='ocrx_word' id='word_1_36' title='bbox 950 505 1062 547; x_wconf 86' lang='lat'>303:</span> <span class='ocrx_word' id='word_1_37' title='bbox 1098 504 1214 547; x_wconf 78' lang='lat' dir='ltr'><strong>«Ceu</strong></span> <span class='ocrx_word' id='word_1_38' title='bbox 1254 519 1420 559; x_wconf 72' lang='lat' dir='ltr'><strong>pressae</strong></span> <span class='ocrx_word' id='word_1_39' title='bbox 1462 520 1563 548; x_wconf 91' lang='lat' dir='ltr'><strong>cum</strong></span> <span class='ocrx_word' id='word_1_40' title='bbox 1604 508 1696 549; x_wconf 81' lang='lat' dir='ltr'><strong>iam</strong></span> 
     </span>
     <span class='ocr_line' id='line_1_5' title="bbox 185 585 807 639; baseline 0 -13"><span class='ocrx_word' id='word_1_41' title='bbox 185 586 364 638; x_wconf 87' lang='lat' dir='ltr'><strong>portum</strong></span> <span class='ocrx_word' id='word_1_42' title='bbox 391 585 577 639; x_wconf 84' lang='lat' dir='ltr'><strong>tetigere</strong></span> <span class='ocrx_word' id='word_1_43' title='bbox 601 585 807 626; x_wconf 75' lang='lat' dir='ltr'><strong>carinae».</strong></span> 
     </span>
    </p>

    <p class='ocr_par' dir='ltr' id='par_1_3' title="bbox 185 659 1709 1721">
     <span class='ocr_line' id='line_1_6' title="bbox 246 659 1695 717; baseline 0.001 -14"><span class='ocrx_word' id='word_1_44' title='bbox 246 661 295 703; x_wconf 93' lang='lat' dir='ltr'><strong>V.</strong></span> <span class='ocrx_word' id='word_1_45' title='bbox 323 662 516 705; x_wconf 81' lang='lat'>41-48.</span> <span class='ocrx_word' id='word_1_46' title='bbox 544 673 638 704; x_wconf 80' lang='lat' dir='ltr'><strong>mm</strong></span> <span class='ocrx_word' id='word_1_47' title='bbox 662 661 787 717; x_wconf 71' lang='lat' dir='ltr'><strong>fixus</strong></span> <span class='ocrx_word' id='word_1_48' title='bbox 812 659 864 703; x_wconf 74' lang='lat' dir='ltr'><strong>in</strong></span> <span class='ocrx_word' id='word_1_49' title='bbox 889 659 1036 716; x_wconf 69' lang='grc' dir='ltr'><em>αρνίε,</em></span> <span class='ocrx_word' id='word_1_50' title='bbox 1062 672 1119 702; x_wconf 84' lang='lat' dir='ltr'><strong>sc.</strong></span> <span class='ocrx_word' id='word_1_51' title='bbox 1149 662 1216 701; x_wconf 84' lang='lat' dir='ltr'><strong>est</strong></span> <span class='ocrx_word' id='word_1_52' title='bbox 1241 659 1371 714; x_wconf 85' lang='lat' dir='ltr'><strong>lapis.</strong></span> <span class='ocrx_word' id='word_1_53' title='bbox 1400 659 1463 703; x_wconf 89' lang='lat' dir='ltr'><strong>Cf.</strong></span> <span class='ocrx_word' id='word_1_54' title='bbox 1494 660 1571 704; x_wconf 87' lang='lat' dir='ltr'><strong>Ov.</strong></span> <span class='ocrx_word' id='word_1_55' title='bbox 1598 662 1695 704; x_wconf 86' lang='lat' dir='ltr'><strong>Am.</strong></span> 
     </span>
     <span class='ocr_line' id='line_1_7' title="bbox 185 737 1695 794; baseline 0 -13"><span class='ocrx_word' id='word_1_56' title='bbox 185 738 264 781; x_wconf 88' lang='lat' dir='ltr'>III.</span> <span class='ocrx_word' id='word_1_57' title='bbox 290 739 330 788; x_wconf 84' lang='lat'><strong>8,</strong></span> <span class='ocrx_word' id='word_1_58' title='bbox 358 739 444 781; x_wconf 71' lang='lat'><strong>42:</strong></span> <span class='ocrx_word' id='word_1_59' title='bbox 476 737 716 793; x_wconf 74' lang='lat' dir='ltr'><strong>«Signabat</strong></span> <span class='ocrx_word' id='word_1_60' title='bbox 739 737 868 780; x_wconf 92' lang='lat' dir='ltr'><strong>nullo</strong></span> <span class='ocrx_word' id='word_1_61' title='bbox 894 737 1038 779; x_wconf 89' lang='lat' dir='ltr'><strong>limite</strong></span> <span class='ocrx_word' id='word_1_62' title='bbox 1065 750 1249 779; x_wconf 84' lang='lat' dir='ltr'>mensor</span> <span class='ocrx_word' id='word_1_63' title='bbox 1270 738 1484 780; x_wconf 82' lang='lat' dir='ltr'><strong>humum»</strong></span> <span class='ocrx_word' id='word_1_64' title='bbox 1509 742 1552 780; x_wconf 90' lang='lat' dir='ltr'><strong>et</strong></span> <span class='ocrx_word' id='word_1_65' title='bbox 1568 739 1695 794; x_wconf 85' lang='lat' dir='ltr'><strong>Verg.</strong></span> 
     </span>
     <span class='ocr_line' id='line_1_8' title="bbox 188 815 1696 869; baseline 0 -10"><span class='ocrx_word' id='word_1_66' title='bbox 188 815 267 859; x_wconf 85' lang='lat' dir='ltr'><strong>Ge.</strong></span> <span class='ocrx_word' id='word_1_67' title='bbox 295 816 329 858; x_wconf 88' lang='lat' dir='ltr'><strong>L</strong></span> <span class='ocrx_word' id='word_1_68' title='bbox 363 817 623 859; x_wconf 75' lang='lat'>125—127:</span> <span class='ocrx_word' id='word_1_69' title='bbox 647 815 785 858; x_wconf 78' lang='lat' dir='ltr'><strong>«Ante</strong></span> <span class='ocrx_word' id='word_1_70' title='bbox 802 815 956 857; x_wconf 90' lang='lat' dir='ltr'><strong>Iovem</strong></span> <span class='ocrx_word' id='word_1_71' title='bbox 970 815 1091 857; x_wconf 90' lang='lat' dir='ltr'><strong>-nulli</strong></span> <span class='ocrx_word' id='word_1_72' title='bbox 1109 815 1378 869; x_wconf 76' lang='lat' dir='ltr'><strong>subigebant</strong></span> <span class='ocrx_word' id='word_1_73' title='bbox 1404 829 1510 859; x_wconf 82' lang='lat' dir='ltr'><strong>arva</strong></span> <span class='ocrx_word' id='word_1_74' title='bbox 1535 818 1696 868; x_wconf 90' lang='lat' dir='ltr'><strong>coloni,</strong></span> 
     </span>
     <span class='ocr_line' id='line_1_9' title="bbox 185 891 1701 947; baseline 0.001 -13"><span class='ocrx_word' id='word_1_75' title='bbox 185 892 250 934; x_wconf 93' lang='lat' dir='ltr'><strong>Ne</strong></span> <span class='ocrx_word' id='word_1_76' title='bbox 278 893 455 946; x_wconf 84' lang='lat' dir='ltr'><strong>signare</strong></span> <span class='ocrx_word' id='word_1_77' title='bbox 481 891 660 947; x_wconf 86' lang='lat' dir='ltr'><strong>quidem</strong></span> <span class='ocrx_word' id='word_1_78' title='bbox 686 893 764 934; x_wconf 80' lang='lat' dir='ltr'><strong>aut</strong></span> <span class='ocrx_word' id='word_1_79' title='bbox 787 891 948 946; x_wconf 82' lang='lat' dir='ltr'><strong>partiri</strong></span> <span class='ocrx_word' id='word_1_80' title='bbox 972 892 1116 934; x_wconf 89' lang='lat' dir='ltr'><strong>limite</strong></span> <span class='ocrx_word' id='word_1_81' title='bbox 1143 896 1355 946; x_wconf 80' lang='lat' dir='ltr'><strong>campum</strong></span> <span class='ocrx_word' id='word_1_82' title='bbox 1370 892 1470 935; x_wconf 88' lang='lat' dir='ltr'><strong>Mos</strong></span> <span class='ocrx_word' id='word_1_83' title='bbox 1487 896 1623 935; x_wconf 87' lang='lat' dir='ltr'><strong>erat».</strong></span> <span class='ocrx_word' id='word_1_84' title='bbox 1642 918 1701 922; x_wconf 86' lang='lat'>—</span> 
     </span>
     <span class='ocr_line' id='line_1_10' title="bbox 186 967 1698 1028; baseline 0.001 -16"><span class='ocrx_word' id='word_1_85' title='bbox 186 973 362 1028; x_wconf 69' lang='lat' dir='ltr'><strong>regeret</strong></span> <span class='ocrx_word' id='word_1_86' title='bbox 388 970 524 1013; x_wconf 74' lang='lat' dir='ltr'><strong>cert-is</strong></span> <span class='ocrx_word' id='word_1_87' title='bbox 548 969 719 1026; x_wconf 79' lang='lat' dir='ltr'><strong>finibus</strong></span> <span class='ocrx_word' id='word_1_88' title='bbox 746 981 877 1018; x_wconf 76' lang='lat' dir='ltr'><strong>arva,</strong></span> <span class='ocrx_word' id='word_1_89' title='bbox 903 967 1123 1017; x_wconf 88' lang='lat' dir='ltr'><strong>definiret,</strong></span> <span class='ocrx_word' id='word_1_90' title='bbox 1151 969 1374 1023; x_wconf 84' lang='lat' dir='ltr'><strong>dirigeret,</strong></span> <span class='ocrx_word' id='word_1_91' title='bbox 1401 973 1452 1012; x_wconf 89' lang='lat' dir='ltr'><strong>ut</strong></span> <span class='ocrx_word' id='word_1_92' title='bbox 1478 969 1567 1013; x_wconf 87' lang='lat' dir='ltr'><strong>Cic.·</strong></span> <span class='ocrx_word' id='word_1_93' title='bbox 1586 970 1698 1014; x_wconf 89' lang='lat' dir='ltr'><strong>Mur.</strong></span> 
     </span>
     <span class='ocr_line' id='line_1_11' title="bbox 188 1045 1702 1102; baseline 0 -13"><span class='ocrx_word' id='word_1_94' title='bbox 188 1048 228 1096; x_wconf 90' lang='grc'><strong>9,</strong></span> <span class='ocrx_word' id='word_1_95' title='bbox 259 1049 342 1090; x_wconf 73' lang='grc' dir='ltr'>;);ὶ;</span> <span class='ocrx_word' id='word_1_96' title='bbox 375 1048 476 1090; x_wconf 80' lang='lat' dir='ltr'><strong>«ille</strong></span> <span class='ocrx_word' id='word_1_97' title='bbox 515 1047 781 1090; x_wconf 84' lang='lat' dir='ltr'><strong>exercitatus</strong></span> <span class='ocrx_word' id='word_1_98' title='bbox 810 1049 878 1088; x_wconf 88' lang='lat' dir='ltr'><strong>est</strong></span> <span class='ocrx_word' id='word_1_99' title='bbox 907 1046 964 1089; x_wconf 77' lang='lat' dir='ltr'><strong>,in</strong></span> <span class='ocrx_word' id='word_1_100' title='bbox 998 1045 1317 1100; x_wconf 81' lang='lat' dir='ltr'><strong>propagandis,</strong></span> <span class='ocrx_word' id='word_1_101' title='bbox 1343 1049 1394 1088; x_wconf 92' lang='lat' dir='ltr'><strong>tu</strong></span> <span class='ocrx_word' id='word_1_102' title='bbox 1419 1047 1469 1088; x_wconf 90' lang='lat' dir='ltr'><strong>in</strong></span> <span class='ocrx_word' id='word_1_103' title='bbox 1495 1047 1702 1102; x_wconf 85' lang='lat' dir='ltr'><strong>regendis</strong></span> 
     </span>
     <span class='ocr_line' id='line_1_12' title="bbox 187 1123 1704 1181; baseline 0.001 -13"><span class='ocrx_word' id='word_1_104' title='bbox 187 1126 393 1168; x_wconf 81' lang='lat' dir='ltr'><strong>finibus.»</strong></span> <span class='ocrx_word' id='word_1_105' title='bbox 431 1150 489 1155; x_wconf 94' lang='lat'>—</span> <span class='ocrx_word' id='word_1_106' title='bbox 532 1125 666 1181; x_wconf 84' lang='lat' dir='ltr'><strong>lapis,</strong></span> <span class='ocrx_word' id='word_1_107' title='bbox 710 1139 768 1168; x_wconf 82' lang='lat' dir='ltr'><strong>se.</strong></span> <span class='ocrx_word' id='word_1_108' title='bbox 813 1126 1048 1168; x_wconf 87' lang='lat' dir='ltr'><strong>terminus.</strong></span> <span class='ocrx_word' id='word_1_109' title='bbox 1088 1150 1147 1155; x_wconf 84' lang='lat'><strong>-—</strong></span> <span class='ocrx_word' id='word_1_110' title='bbox 1186 1123 1305 1181; x_wconf 82' lang='lat' dir='ltr'><strong>Jpsae</strong></span> <span class='ocrx_word' id='word_1_111' title='bbox 1344 1124 1486 1169; x_wconf 76' lang='lat' dir='ltr'><strong>‘mella</strong></span> <span class='ocrx_word' id='word_1_112' title='bbox 1525 1125 1704 1169; x_wconf 78' lang='lat' dir='ltr'><strong>dabant</strong></span> 
     </span>
     <span class='ocr_line' id='line_1_13' title="bbox 189 1201 1703 1258; baseline -0.001 -12"><span class='ocrx_word' id='word_1_113' title='bbox 189 1215 396 1258; x_wconf 72' lang='lat' dir='ltr'><strong>quercu-5,</strong></span> <span class='ocrx_word' id='word_1_114' title='bbox 428 1201 667 1245; x_wconf 76' lang='lat' dir='ltr'><strong>credebant</strong></span> <span class='ocrx_word' id='word_1_115' title='bbox 692 1202 867 1257; x_wconf 78' lang='lat' dir='ltr'><strong>antiqui</strong></span> <span class='ocrx_word' id='word_1_116' title='bbox 893 1203 985 1244; x_wconf 91' lang='lat' dir='ltr'><strong>mel</strong></span> <span class='ocrx_word' id='word_1_117' title='bbox 1010 1203 1058 1245; x_wconf 94' lang='lat' dir='ltr'><strong>in</strong></span> <span class='ocrx_word' id='word_1_118' title='bbox 1097 1202 1282 1244; x_wconf 91' lang='lat' dir='ltr'><strong>modum</strong></span> <span class='ocrx_word' id='word_1_119' title='bbox 1308 1203 1423 1244; x_wconf 88' lang='lat' dir='ltr'><strong>roris</strong></span> <span class='ocrx_word' id='word_1_120' title='bbox 1451 1216 1502 1244; x_wconf 85' lang='lat' dir='ltr'><strong>ex</strong></span> <span class='ocrx_word' id='word_1_121' title='bbox 1528 1205 1627 1244; x_wconf 70' lang='lat' dir='ltr'><strong>aere</strong></span> <span class='ocrx_word' id='word_1_122' title='bbox 1654 1203 1703 1244; x_wconf 92' lang='lat' dir='ltr'><strong>in</strong></span> 
     </span>
     <span class='ocr_line' id='line_1_14' title="bbox 189 1279 1702 1335; baseline 0.001 -14"><span class='ocrx_word' id='word_1_123' title='bbox 189 1279 323 1322; x_wconf 86' lang='lat' dir='ltr'><strong>flores</strong></span> <span class='ocrx_word' id='word_1_124' title='bbox 350 1284 393 1321; x_wconf 90' lang='lat' dir='ltr'><strong>et</strong></span> <span class='ocrx_word' id='word_1_125' title='bbox 417 1280 467 1322; x_wconf 86' lang='lat' dir='ltr'><strong>in</strong></span> <span class='ocrx_word' id='word_1_126' title='bbox 493 1280 603 1322; x_wconf 85' lang='lat' dir='ltr'><strong>folia</strong></span> <span class='ocrx_word' id='word_1_127' title='bbox 628 1280 838 1323; x_wconf 78' lang='lat' dir='ltr'><strong>arborum</strong></span> <span class='ocrx_word' id='word_1_128' title='bbox 865 1279 1134 1322; x_wconf 81' lang='lat' dir='ltr'><strong>descendere</strong></span> <span class='ocrx_word' id='word_1_129' title='bbox 1162 1283 1207 1322; x_wconf 90' lang='lat' dir='ltr'><strong>et</strong></span> <span class='ocrx_word' id='word_1_130' title='bbox 1233 1280 1288 1322; x_wconf 90' lang='lat' dir='ltr'><strong>ab</strong></span> <span class='ocrx_word' id='word_1_131' title='bbox 1325 1280 1485 1335; x_wconf 88' lang='lat' dir='ltr'><strong>apibus</strong></span> <span class='ocrx_word' id='word_1_132' title='bbox 1519 1280 1702 1330; x_wconf 81' lang='lat' dir='ltr'><strong>sorberi,</strong></span> 
     </span>
     <span class='ocr_line' id='line_1_15' title="bbox 191 1357 1705 1413; baseline 0 -13"><span class='ocrx_word' id='word_1_133' title='bbox 191 1358 268 1400; x_wconf 88' lang='lat' dir='ltr'><strong>sed</strong></span> <span class='ocrx_word' id='word_1_134' title='bbox 295 1371 430 1400; x_wconf 85' lang='lat' dir='ltr'><strong>aurea</strong></span> <span class='ocrx_word' id='word_1_135' title='bbox 453 1361 583 1400; x_wconf 87' lang='lat' dir='ltr'><strong>aetate</strong></span> <span class='ocrx_word' id='word_1_136' title='bbox 611 1357 721 1400; x_wconf 87' lang='lat' dir='ltr'><strong>adeo</strong></span> <span class='ocrx_word' id='word_1_137' title='bbox 748 1358 888 1401; x_wconf 84' lang='lat' dir='ltr'><strong>fuisse</strong></span> <span class='ocrx_word' id='word_1_138' title='bbox 914 1372 1091 1413; x_wconf 84' lang='lat' dir='ltr'><strong>purum.</strong></span> <span class='ocrx_word' id='word_1_139' title='bbox 1119 1361 1171 1401; x_wconf 92' lang='lat' dir='ltr'><strong>ut</strong></span> <span class='ocrx_word' id='word_1_140' title='bbox 1195 1359 1317 1401; x_wconf 85' lang='lat' dir='ltr'><strong>foliis</strong></span> <span class='ocrx_word' id='word_1_141' title='bbox 1343 1358 1580 1401; x_wconf 85' lang='lat' dir='ltr'><strong>destillans</strong></span> <span class='ocrx_word' id='word_1_142' title='bbox 1607 1359 1705 1400; x_wconf 91' lang='lat' dir='ltr'><strong>sine</strong></span> 
     </span>
     <span class='ocr_line' id='line_1_16' title="bbox 188 1435 1707 1490; baseline 0 -13"><span class='ocrx_word' id='word_1_143' title='bbox 188 1435 342 1478; x_wconf 83' lang='lat' dir='ltr'><strong>labore</strong></span> <span class='ocrx_word' id='word_1_144' title='bbox 369 1435 521 1490; x_wconf 90' lang='lat' dir='ltr'><strong>apium</strong></span> <span class='ocrx_word' id='word_1_145' title='bbox 546 1438 701 1489; x_wconf 87' lang='lat' dir='ltr'><strong>posset</strong></span> <span class='ocrx_word' id='word_1_146' title='bbox 727 1435 901 1477; x_wconf 84' lang='lat' dir='ltr'><strong>comedi</strong></span> <span class='ocrx_word' id='word_1_147' title='bbox 916 1450 927 1485; x_wconf 91' lang='lat'>;</span> <span class='ocrx_word' id='word_1_148' title='bbox 955 1436 1007 1478; x_wconf 85' lang='lat' dir='ltr'><strong>cf.</strong></span> <span class='ocrx_word' id='word_1_149' title='bbox 1036 1435 1150 1478; x_wconf 90' lang='lat' dir='ltr'><strong>Plin.</strong></span> <span class='ocrx_word' id='word_1_150' title='bbox 1180 1436 1230 1478; x_wconf 93' lang='lat' dir='ltr'><strong>N.</strong></span> <span class='ocrx_word' id='word_1_151' title='bbox 1259 1436 1316 1478; x_wconf 91' lang='lat' dir='ltr'><strong>H.</strong></span> <span class='ocrx_word' id='word_1_152' title='bbox 1343 1436 1419 1478; x_wconf 87' lang='lat' dir='ltr'><strong>XI.</strong></span> <span class='ocrx_word' id='word_1_153' title='bbox 1445 1437 1524 1478; x_wconf 71' lang='lat'><strong>12:</strong></span> <span class='ocrx_word' id='word_1_154' title='bbox 1548 1435 1707 1477; x_wconf 88' lang='lat' dir='ltr'><strong>«Venit</strong></span> 
     </span>
     <span class='ocr_line' id='line_1_17' title="bbox 191 1512 1707 1567; baseline -0.001 -13"><span class='ocrx_word' id='word_1_155' title='bbox 191 1513 276 1554; x_wconf 88' lang='lat' dir='ltr'><strong>hoc</strong></span> <span class='ocrx_word' id='word_1_156' title='bbox 313 1513 388 1564; x_wconf 82' lang='lat' dir='ltr'><strong>(sc.</strong></span> <span class='ocrx_word' id='word_1_157' title='bbox 416 1513 521 1565; x_wconf 84' lang='lat' dir='ltr'><strong>mel)</strong></span> <span class='ocrx_word' id='word_1_158' title='bbox 548 1520 609 1554; x_wconf 82' lang='lat' dir='ltr'><strong>ex&#39;</strong></span> <span class='ocrx_word' id='word_1_159' title='bbox 638 1515 737 1554; x_wconf 78' lang='lat' dir='ltr'><strong>aere</strong></span> <span class='ocrx_word' id='word_1_160' title='bbox 771 1531 786 1554; x_wconf 93' lang='lat'><strong>.·</strong></span> <span class='ocrx_word' id='word_1_161' title='bbox 809 1545 820 1554; x_wconf 89' lang='lat'><strong>.</strong></span> <span class='ocrx_word' id='word_1_162' title='bbox 849 1545 859 1554; x_wconf 94' lang='lat'><strong>.</strong></span> <span class='ocrx_word' id='word_1_163' title='bbox 886 1512 1040 1567; x_wconf 85' lang='lat' dir='ltr'><strong>itaque</strong></span> <span class='ocrx_word' id='word_1_164' title='bbox 1079 1516 1176 1555; x_wconf 89' lang='lat' dir='ltr'><strong>tum</strong></span> <span class='ocrx_word' id='word_1_165' title='bbox 1214 1513 1361 1567; x_wconf 90' lang='lat' dir='ltr'><strong>prima</strong></span> <span class='ocrx_word' id='word_1_166' title='bbox 1399 1525 1561 1554; x_wconf 80' lang='lat' dir='ltr'><strong>aurora</strong></span> <span class='ocrx_word' id='word_1_167' title='bbox 1600 1512 1707 1554; x_wconf 85' lang='lat' dir='ltr'><strong>folia</strong></span> 
     </span>
     <span class='ocr_line' id='line_1_18' title="bbox 193 1589 1709 1643; baseline -0.001 -11"><span class='ocrx_word' id='word_1_168' title='bbox 193 1590 403 1640; x_wconf 71' lang='lat' dir='ltr'><strong>arborum</strong></span> <span class='ocrx_word' id='word_1_169' title='bbox 440 1589 575 1631; x_wconf 87' lang='lat' dir='ltr'><strong>melle</strong></span> <span class='ocrx_word' id='word_1_170' title='bbox 616 1589 793 1631; x_wconf 86' lang='lat' dir='ltr'><strong>roscida</strong></span> <span class='ocrx_word' id='word_1_171' title='bbox 837 1589 1135 1631; x_wconf 86' lang='lat' dir='ltr'><strong>inveniuntur</strong></span> <span class='ocrx_word' id='word_1_172' title='bbox 1159 1621 1169 1631; x_wconf 94' lang='lat'><strong><em>.</em></strong></span> <span class='ocrx_word' id='word_1_173' title='bbox 1198 1621 1208 1631; x_wconf 91' lang='lat'><strong>.</strong></span> <span class='ocrx_word' id='word_1_174' title='bbox 1237 1621 1248 1631; x_wconf 87' lang='lat'><strong><em>.</em></strong></span> <span class='ocrx_word' id='word_1_175' title='bbox 1282 1589 1547 1643; x_wconf 87' lang='lat' dir='ltr'><strong>utinamque</strong></span> <span class='ocrx_word' id='word_1_176' title='bbox 1590 1591 1709 1630; x_wconf 81' lang='lat' dir='ltr'><strong>esset</strong></span> 
     </span>
     <span class='ocr_line' id='line_1_19' title="bbox 192 1665 1707 1721; baseline -0.002 -12"><span class='ocrx_word' id='word_1_177' title='bbox 192 1681 331 1721; x_wconf 81' lang='lat' dir='ltr'><strong>purus</strong></span> <span class='ocrx_word' id='word_1_178' title='bbox 357 1680 408 1709; x_wconf 86' lang='lat' dir='ltr'><strong>ac</strong></span> <span class='ocrx_word' id='word_1_179' title='bbox 432 1667 631 1721; x_wconf 86' lang='lat' dir='ltr'><strong>liquidus</strong></span> <span class='ocrx_word' id='word_1_180' title='bbox 672 1670 716 1708; x_wconf 86' lang='lat' dir='ltr'><strong>et</strong></span> <span class='ocrx_word' id='word_1_181' title='bbox 755 1680 846 1710; x_wconf 85' lang='lat' dir='ltr'><strong>suae</strong></span> <span class='ocrx_word' id='word_1_182' title='bbox 884 1671 1070 1716; x_wconf 71' lang='lat' dir='ltr'><strong>naturae,</strong></span> <span class='ocrx_word' id='word_1_183' title='bbox 1111 1667 1258 1721; x_wconf 86' lang='lat' dir='ltr'><strong>qualis</strong></span> <span class='ocrx_word' id='word_1_184' title='bbox 1296 1665 1480 1709; x_wconf 81' lang='lat' dir='ltr'><strong>defluxit</strong></span> <span class='ocrx_word' id='word_1_185' title='bbox 1516 1667 1707 1721; x_wconf 83' lang='lat' dir='ltr'><strong>primo»;</strong></span> 
     </span>
    </p>
   </div>
   <div class='ocr_carea' id='block_1_3' title="bbox 192 1749 1715 2810">
    <p class='ocr_par' dir='ltr' id='par_1_4' title="bbox 192 1749 1715 2810">
     <span class='ocr_line' id='line_1_20' title="bbox 192 1749 1706 1804; baseline -0.001 -12"><span class='ocrx_word' id='word_1_186' title='bbox 192 1749 321 1804; x_wconf 81' lang='lat' dir='ltr'><strong>Verg.</strong></span> <span class='ocrx_word' id='word_1_187' title='bbox 351 1749 428 1792; x_wconf 89' lang='lat' dir='ltr'><strong>Ge.</strong></span> <span class='ocrx_word' id='word_1_188' title='bbox 456 1750 529 1792; x_wconf 91' lang='lat' dir='ltr'><strong>IV.</strong></span> <span class='ocrx_word' id='word_1_189' title='bbox 563 1751 612 1792; x_wconf 90' lang='lat'><strong>1:</strong></span> <span class='ocrx_word' id='word_1_190' title='bbox 646 1750 780 1793; x_wconf 64' lang='lat' dir='ltr'><strong>«acrii</strong></span> <span class='ocrx_word' id='word_1_191' title='bbox 820 1750 970 1793; x_wconf 82' lang='lat' dir='ltr'><strong>melh&#39;s</strong></span> <span class='ocrx_word' id='word_1_192' title='bbox 1009 1750 1206 1792; x_wconf 73' lang='lat' dir='ltr'><strong>caelestia</strong></span> <span class='ocrx_word' id='word_1_193' title='bbox 1242 1749 1385 1792; x_wconf 90' lang='lat' dir='ltr'><strong>dona»</strong></span> <span class='ocrx_word' id='word_1_194' title='bbox 1425 1752 1469 1791; x_wconf 91' lang='lat' dir='ltr'><strong>et</strong></span> <span class='ocrx_word' id='word_1_195' title='bbox 1505 1749 1577 1791; x_wconf 89' lang='lat' dir='ltr'><strong>IV.</strong></span> <span class='ocrx_word' id='word_1_196' title='bbox 1612 1750 1706 1791; x_wconf 87' lang='lat'><strong>131.</strong></span> 
     </span>
     <span class='ocr_line' id='line_1_21' title="bbox 194 1826 1711 1882; baseline -0.001 -13"><span class='ocrx_word' id='word_1_197' title='bbox 194 1827 248 1869; x_wconf 91' lang='lat' dir='ltr'><strong>de</strong></span> <span class='ocrx_word' id='word_1_198' title='bbox 276 1841 411 1882; x_wconf 84' lang='lat' dir='ltr'><strong>regno</strong></span> <span class='ocrx_word' id='word_1_199' title='bbox 436 1827 587 1870; x_wconf 78' lang='lat' dir='ltr'><strong>Iovis:</strong></span> <span class='ocrx_word' id='word_1_200' title='bbox 615 1827 863 1882; x_wconf 84' lang='lat' dir='ltr'><strong>«Mellaque</strong></span> <span class='ocrx_word' id='word_1_201' title='bbox 903 1828 1100 1870; x_wconf 79' lang='lat' dir='ltr'><strong>decussit</strong></span> <span class='ocrx_word' id='word_1_202' title='bbox 1139 1827 1303 1869; x_wconf 71' lang='lat' dir='ltr'><strong>foliis..</strong></span> <span class='ocrx_word' id='word_1_203' title='bbox 1345 1826 1444 1868; x_wconf 87' lang='lat' dir='ltr'><strong>Huc</strong></span> <span class='ocrx_word' id='word_1_204' title='bbox 1482 1826 1711 1881; x_wconf 85' lang='lat' dir='ltr'><strong>pertinent</strong></span> 
     </span>
     <span class='ocr_line' id='line_1_22' title="bbox 196 1903 1710 1960; baseline -0.001 -13"><span class='ocrx_word' id='word_1_205' title='bbox 196 1906 333 1948; x_wconf 83' lang='lat' dir='ltr'><strong>etiam</strong></span> <span class='ocrx_word' id='word_1_206' title='bbox 358 1905 487 1960; x_wconf 84' lang='lat' dir='ltr'><strong>Verg.</strong></span> <span class='ocrx_word' id='word_1_207' title='bbox 514 1905 605 1947; x_wconf 85' lang='lat' dir='ltr'><strong>Ecl.</strong></span> <span class='ocrx_word' id='word_1_208' title='bbox 624 1905 697 1947; x_wconf 87' lang='lat' dir='ltr'><strong>IV.</strong></span> <span class='ocrx_word' id='word_1_209' title='bbox 716 1907 810 1948; x_wconf 79' lang='lat'><strong>30:</strong></span> <span class='ocrx_word' id='word_1_210' title='bbox 834 1905 914 1947; x_wconf 84' lang='lat' dir='ltr'><strong>«Et</strong></span> <span class='ocrx_word' id='word_1_211' title='bbox 929 1904 1051 1946; x_wconf 88' lang='lat' dir='ltr'><strong>durae</strong></span> <span class='ocrx_word' id='word_1_212' title='bbox 1068 1917 1257 1959; x_wconf 83' lang='lat' dir='ltr'><strong>quercus</strong></span> <span class='ocrx_word' id='word_1_213' title='bbox 1283 1903 1512 1946; x_wconf 88' lang='lat' dir='ltr'><strong>sudabunt</strong></span> <span class='ocrx_word' id='word_1_214' title='bbox 1535 1903 1710 1946; x_wconf 83' lang='lat' dir='ltr'><strong>roscida</strong></span> 
     </span>
     <span class='ocr_line' id='line_1_23' title="bbox 196 1981 1711 2035; baseline -0.003 -9"><span class='ocrx_word' id='word_1_215' title='bbox 196 1984 357 2026; x_wconf 79' lang='lat' dir='ltr'><strong>mella»</strong></span> <span class='ocrx_word' id='word_1_216' title='bbox 390 1986 434 2025; x_wconf 87' lang='lat' dir='ltr'><strong>et</strong></span> <span class='ocrx_word' id='word_1_217' title='bbox 471 1982 550 2025; x_wconf 85' lang='lat' dir='ltr'><strong>Ov.</strong></span> <span class='ocrx_word' id='word_1_218' title='bbox 578 1982 687 2024; x_wconf 87' lang='lat' dir='ltr'><strong>Met.</strong></span> <span class='ocrx_word' id='word_1_219' title='bbox 714 1982 748 2024; x_wconf 92' lang='lat' dir='ltr'><strong>I.</strong></span> <span class='ocrx_word' id='word_1_220' title='bbox 783 1983 893 2024; x_wconf 71' lang='lat'>112:</span> <span class='ocrx_word' id='word_1_221' title='bbox 926 1981 1174 2035; x_wconf 78' lang='lat' dir='ltr'><strong>«Flavaque</strong></span> <span class='ocrx_word' id='word_1_222' title='bbox 1215 1981 1268 2023; x_wconf 93' lang='lat' dir='ltr'><strong>de</strong></span> <span class='ocrx_word' id='word_1_223' title='bbox 1305 1981 1438 2023; x_wconf 81' lang='lat' dir='ltr'><strong>viridi</strong></span> <span class='ocrx_word' id='word_1_224' title='bbox 1477 1981 1711 2023; x_wconf 80' lang='lat' dir='ltr'><strong>stillabant</strong></span> 
     </span>
     <span class='ocr_line' id='line_1_24' title="bbox 197 2058 1711 2113; baseline -0.003 -9"><span class='ocrx_word' id='word_1_225' title='bbox 197 2062 299 2104; x_wconf 81' lang='lat' dir='ltr'><strong>ilice</strong></span> <span class='ocrx_word' id='word_1_226' title='bbox 325 2060 503 2102; x_wconf 75' lang='lat' dir='ltr'><strong>mella».</strong></span> <span class='ocrx_word' id='word_1_227' title='bbox 532 2060 621 2102; x_wconf 89' lang='lat' dir='ltr'><strong>Alii</strong></span> <span class='ocrx_word' id='word_1_228' title='bbox 647 2062 799 2102; x_wconf 84' lang='lat' dir='ltr'><strong>autem</strong></span> <span class='ocrx_word' id='word_1_229' title='bbox 825 2062 968 2113; x_wconf 82' lang='lat' dir='ltr'><strong>poetae</strong></span> <span class='ocrx_word' id='word_1_230' title='bbox 995 2059 1043 2100; x_wconf 93' lang='lat' dir='ltr'><strong>in</strong></span> <span class='ocrx_word' id='word_1_231' title='bbox 1069 2058 1372 2113; x_wconf 86' lang='lat' dir='ltr'><strong>descriptione</strong></span> <span class='ocrx_word' id='word_1_232' title='bbox 1398 2072 1544 2100; x_wconf 86' lang='lat' dir='ltr'><strong>aureae</strong></span> <span class='ocrx_word' id='word_1_233' title='bbox 1567 2059 1711 2100; x_wconf 82' lang='lat' dir='ltr'><strong>aetatis</strong></span> 
     </span>
     <span class='ocr_line' id='line_1_25' title="bbox 199 2136 1709 2191; baseline -0.003 -11"><span class='ocrx_word' id='word_1_234' title='bbox 199 2138 253 2180; x_wconf 91' lang='lat' dir='ltr'><strong>de</strong></span> <span class='ocrx_word' id='word_1_235' title='bbox 280 2138 415 2179; x_wconf 89' lang='lat' dir='ltr'><strong>melle</strong></span> <span class='ocrx_word' id='word_1_236' title='bbox 441 2150 578 2191; x_wconf 78' lang='lat' dir='ltr'><strong>apum</strong></span> <span class='ocrx_word' id='word_1_237' title='bbox 605 2137 801 2178; x_wconf 85' lang='lat' dir='ltr'><strong>ferarum</strong></span> <span class='ocrx_word' id='word_1_238' title='bbox 829 2149 882 2177; x_wconf 83' lang='lat' dir='ltr'><strong>ex</strong></span> <span class='ocrx_word' id='word_1_239' title='bbox 905 2147 1014 2177; x_wconf 83' lang='lat' dir='ltr'><strong>cavo</strong></span> <span class='ocrx_word' id='word_1_240' title='bbox 1041 2137 1469 2189; x_wconf 82' lang='lat' dir='ltr'><strong>quercus&#39;manante</strong></span> <span class='ocrx_word' id='word_1_241' title='bbox 1496 2136 1709 2190; x_wconf 85' lang='lat' dir='ltr'><strong>cogitant,</strong></span> 
     </span>
     <span class='ocr_line' id='line_1_26' title="bbox 199 2211 1709 2269; baseline -0.003 -11"><span class='ocrx_word' id='word_1_242' title='bbox 199 2219 250 2258; x_wconf 91' lang='lat' dir='ltr'><strong>ut</strong></span> <span class='ocrx_word' id='word_1_243' title='bbox 273 2215 389 2257; x_wconf 70' lang='lat' dir='ltr'><strong>Hor.‘</strong></span> <span class='ocrx_word' id='word_1_244' title='bbox 409 2214 550 2269; x_wconf 84' lang='lat' dir='ltr'><strong>Epod.</strong></span> <span class='ocrx_word' id='word_1_245' title='bbox 583 2214 650 2265; x_wconf 87' lang='lat'><strong>16,</strong></span> <span class='ocrx_word' id='word_1_246' title='bbox 676 2212 761 2255; x_wconf 81' lang='lat'><strong>47:</strong></span> <span class='ocrx_word' id='word_1_247' title='bbox 794 2212 957 2255; x_wconf 83' lang='lat' dir='ltr'><strong>«Mella</strong></span> <span class='ocrx_word' id='word_1_248' title='bbox 982 2225 1092 2255; x_wconf 86' lang='lat' dir='ltr'><strong>cava</strong></span> <span class='ocrx_word' id='word_1_249' title='bbox 1116 2214 1304 2254; x_wconf 84' lang='lat' dir='ltr'><strong>menant</strong></span> <span class='ocrx_word' id='word_1_250' title='bbox 1331 2226 1382 2254; x_wconf 87' lang='lat' dir='ltr'><strong>ex</strong></span> <span class='ocrx_word' id='word_1_251' title='bbox 1406 2212 1533 2254; x_wconf 82' lang='lat' dir='ltr'><strong>ilice»</strong></span> <span class='ocrx_word' id='word_1_252' title='bbox 1562 2214 1606 2254; x_wconf 91' lang='lat' dir='ltr'><strong>et</strong></span> <span class='ocrx_word' id='word_1_253' title='bbox 1632 2211 1709 2255; x_wconf 83' lang='lat' dir='ltr'><strong>Ov.</strong></span> 
     </span>
     <span class='ocr_line' id='line_1_27' title="bbox 199 2287 1712 2345; baseline -0.003 -10"><span class='ocrx_word' id='word_1_254' title='bbox 199 2294 296 2343; x_wconf 86' lang='lat' dir='ltr'><strong>Am.</strong></span> <span class='ocrx_word' id='word_1_255' title='bbox 324 2291 402 2334; x_wconf 83' lang='lat' dir='ltr'>III.</span> <span class='ocrx_word' id='word_1_256' title='bbox 432 2292 472 2340; x_wconf 89' lang='grc'><strong>8,</strong></span> <span class='ocrx_word' id='word_1_257' title='bbox 500 2292 583 2333; x_wconf 80' lang='lat'><strong>40:</strong></span> <span class='ocrx_word' id='word_1_258' title='bbox 608 2291 680 2332; x_wconf 79' lang='lat' dir='ltr'><strong>«in</strong></span> <span class='ocrx_word' id='word_1_259' title='bbox 706 2303 872 2345; x_wconf 90' lang='lat' dir='ltr'><strong>quercu</strong></span> <span class='ocrx_word' id='word_1_260' title='bbox 898 2289 1035 2332; x_wconf 82' lang='lat' dir='ltr'><strong>mella</strong></span> <span class='ocrx_word' id='word_1_261' title='bbox 1060 2291 1234 2344; x_wconf 82' lang='lat' dir='ltr'><strong>reperta</strong></span> <span class='ocrx_word' id='word_1_262' title='bbox 1262 2302 1411 2331; x_wconf 85' lang='lat' dir='ltr'><strong>cava».</strong></span> <span class='ocrx_word' id='word_1_263' title='bbox 1438 2287 1559 2344; x_wconf 84' lang='lat' dir='ltr'><strong>Ipsae</strong></span> <span class='ocrx_word' id='word_1_264' title='bbox 1585 2302 1712 2343; x_wconf 89' lang='lat' dir='ltr'><strong>quer-</strong></span> 
     </span>
     <span class='ocr_line' id='line_1_28' title="bbox 202 2366 1711 2423; baseline -0.003 -9"><span class='ocrx_word' id='word_1_265' title='bbox 202 2386 292 2419; x_wconf 86' lang='lat' dir='ltr'><strong>cus,</strong></span> <span class='ocrx_word' id='word_1_266' title='bbox 321 2372 348 2413; x_wconf 91' lang='lat' dir='ltr'><strong>i.</strong></span> <span class='ocrx_word' id='word_1_267' title='bbox 377 2384 413 2412; x_wconf 90' lang='lat' dir='ltr'><strong>e.</strong></span> <span class='ocrx_word' id='word_1_268' title='bbox 443 2370 539 2411; x_wconf 83' lang='lat' dir='ltr'><strong>sine</strong></span> <span class='ocrx_word' id='word_1_269' title='bbox 566 2369 718 2411; x_wconf 87' lang='lat' dir='ltr'><strong>labore</strong></span> <span class='ocrx_word' id='word_1_270' title='bbox 746 2369 901 2423; x_wconf 87' lang='lat' dir='ltr'><strong>apium</strong></span> <span class='ocrx_word' id='word_1_271' title='bbox 928 2370 972 2410; x_wconf 89' lang='lat' dir='ltr'><strong>et</strong></span> <span class='ocrx_word' id='word_1_272' title='bbox 997 2368 1248 2410; x_wconf 85' lang='lat' dir='ltr'><strong>hominum.</strong></span> <span class='ocrx_word' id='word_1_273' title='bbox 1267 2391 1326 2396; x_wconf 93' lang='lat'>—</span> <span class='ocrx_word' id='word_1_274' title='bbox 1351 2367 1566 2422; x_wconf 72' lang='lat' dir='ltr'><strong>ultroque</strong></span> <span class='ocrx_word' id='word_1_275' title='bbox 1588 2366 1711 2423; x_wconf 82' lang='lat' dir='ltr'><strong>fere-</strong></span> 
     </span>
     <span class='ocr_line' id='line_1_29' title="bbox 204 2442 1711 2498; baseline -0.005 -6"><span class='ocrx_word' id='word_1_276' title='bbox 204 2449 313 2492; x_wconf 82' lang='lat' dir='ltr'><strong>bant</strong></span> <span class='ocrx_word' id='word_1_277' title='bbox 356 2444 503 2489; x_wconf 82' lang='lat' dir='ltr'><strong>Obvia</strong></span> <span class='ocrx_word' id='word_1_278' title='bbox 543 2445 717 2489; x_wconf 82' lang='lat' dir='ltr'><strong>securis</strong></span> <span class='ocrx_word' id='word_1_279' title='bbox 758 2444 905 2488; x_wconf 80' lang='lat' dir='ltr'><strong>ubera</strong></span> <span class='ocrx_word' id='word_1_280' title='bbox 944 2444 1077 2487; x_wconf 77' lang='lat' dir='ltr'><strong>lactis</strong></span> <span class='ocrx_word' id='word_1_281' title='bbox 1116 2456 1234 2495; x_wconf 72' lang='lat' dir='ltr'><strong>oveS,</strong></span> <span class='ocrx_word' id='word_1_282' title='bbox 1261 2447 1313 2486; x_wconf 88' lang='lat' dir='ltr'><strong>ut</strong></span> <span class='ocrx_word' id='word_1_283' title='bbox 1335 2443 1445 2486; x_wconf 85' lang='lat' dir='ltr'><strong>Hor.</strong></span> <span class='ocrx_word' id='word_1_284' title='bbox 1473 2442 1612 2498; x_wconf 89' lang='lat' dir='ltr'><strong>Epod.</strong></span> <span class='ocrx_word' id='word_1_285' title='bbox 1645 2444 1711 2493; x_wconf 90' lang='grc'><strong>16,</strong></span> 
     </span>
     <span class='ocr_line' id='line_1_30' title="bbox 203 2520 1713 2575; baseline -0.005 -7"><span class='ocrx_word' id='word_1_286' title='bbox 203 2527 406 2568; x_wconf 77' lang='lat'>49—50:</span> <span class='ocrx_word' id='word_1_287' title='bbox 439 2524 561 2566; x_wconf 79' lang='lat' dir='ltr'><strong>«Illic</strong></span> <span class='ocrx_word' id='word_1_288' title='bbox 587 2523 770 2564; x_wconf 79' lang='lat' dir='ltr'><strong>iniussae</strong></span> <span class='ocrx_word' id='word_1_289' title='bbox 795 2522 984 2564; x_wconf 84' lang='lat' dir='ltr'><strong>veniunt</strong></span> <span class='ocrx_word' id='word_1_290' title='bbox 1011 2520 1067 2563; x_wconf 84' lang='lat' dir='ltr'><strong>ad</strong></span> <span class='ocrx_word' id='word_1_291' title='bbox 1105 2521 1295 2563; x_wconf 83' lang='lat' dir='ltr'><strong>mulctra</strong></span> <span class='ocrx_word' id='word_1_292' title='bbox 1333 2521 1516 2575; x_wconf 85' lang='lat' dir='ltr'><strong>capellae</strong></span> <span class='ocrx_word' id='word_1_293' title='bbox 1543 2520 1713 2563; x_wconf 84' lang='lat' dir='ltr'><strong>Refert-</strong></span> 
     </span>
     <span class='ocr_line' id='line_1_31' title="bbox 204 2598 1712 2658; baseline -0.003 -13"><span class='ocrx_word' id='word_1_294' title='bbox 204 2617 289 2658; x_wconf 92' lang='lat' dir='ltr'><strong>que</strong></span> <span class='ocrx_word' id='word_1_295' title='bbox 327 2605 454 2645; x_wconf 85' lang='lat' dir='ltr'><strong>tenta</strong></span> <span class='ocrx_word' id='word_1_296' title='bbox 490 2615 594 2655; x_wconf 84' lang='lat' dir='ltr'><strong>grex</strong></span> <span class='ocrx_word' id='word_1_297' title='bbox 632 2600 803 2642; x_wconf 87' lang='lat' dir='ltr'><strong>amicus</strong></span> <span class='ocrx_word' id='word_1_298' title='bbox 841 2599 1003 2642; x_wconf 77' lang='lat' dir='ltr'><strong>ubera»</strong></span> <span class='ocrx_word' id='word_1_299' title='bbox 1036 2601 1081 2641; x_wconf 88' lang='lat' dir='ltr'><strong>et</strong></span> <span class='ocrx_word' id='word_1_300' title='bbox 1116 2599 1246 2653; x_wconf 87' lang='lat' dir='ltr'><strong>Verg.</strong></span> <span class='ocrx_word' id='word_1_301' title='bbox 1274 2599 1366 2642; x_wconf 87' lang='lat' dir='ltr'><strong>EcL</strong></span> <span class='ocrx_word' id='word_1_302' title='bbox 1405 2598 1478 2641; x_wconf 86' lang='lat' dir='ltr'><strong>IV.</strong></span> <span class='ocrx_word' id='word_1_303' title='bbox 1509 2600 1712 2641; x_wconf 68' lang='lat' dir='ltr'>21—sz2</span> 
     </span>
     <span class='ocr_line' id='line_1_32' title="bbox 212 2675 1713 2735; baseline -0.004 -13"><span class='ocrx_word' id='word_1_304' title='bbox 212 2681 348 2735; x_wconf 79' lang='lat' dir='ltr'><strong>«Ipsae</strong></span> <span class='ocrx_word' id='word_1_305' title='bbox 386 2680 501 2722; x_wconf 83' lang='lat' dir='ltr'><strong>lacte</strong></span> <span class='ocrx_word' id='word_1_306' title='bbox 539 2678 724 2720; x_wconf 89' lang='lat' dir='ltr'><strong>domum</strong></span> <span class='ocrx_word' id='word_1_307' title='bbox 762 2677 958 2719; x_wconf 87' lang='lat' dir='ltr'><strong>referent</strong></span> <span class='ocrx_word' id='word_1_308' title='bbox 994 2676 1191 2719; x_wconf 84' lang='lat' dir='ltr'><strong>distenta</strong></span> <span class='ocrx_word' id='word_1_309' title='bbox 1229 2676 1412 2731; x_wconf 81' lang='lat' dir='ltr'><strong>capellae</strong></span> <span class='ocrx_word' id='word_1_310' title='bbox 1439 2675 1628 2719; x_wconf 82' lang='lat' dir='ltr'><strong>Ubera».</strong></span> <span class='ocrx_word' id='word_1_311' title='bbox 1657 2698 1713 2702; x_wconf 93' lang='lat'><strong>—</strong></span> 
     </span>
     <span class='ocr_line' id='line_1_33' title="bbox 208 2750 1715 2810; baseline -0.005 -12"><span class='ocrx_word' id='word_1_312' title='bbox 208 2756 397 2810; x_wconf 66' lang='lat' dir='ltr'><strong>securis,</strong></span> <span class='ocrx_word' id='word_1_313' title='bbox 434 2759 483 2798; x_wconf 89' lang='lat' dir='ltr'><strong>ut</strong></span> <span class='ocrx_word' id='word_1_314' title='bbox 522 2767 656 2808; x_wconf 84' lang='lat' dir='ltr'><strong>supra</strong></span> <span class='ocrx_word' id='word_1_315' title='bbox 693 2753 727 2796; x_wconf 88' lang='lat' dir='ltr'><strong>L</strong></span> <span class='ocrx_word' id='word_1_316' title='bbox 762 2755 827 2802; x_wconf 88' lang='lat'><strong>10,</strong></span> <span class='ocrx_word' id='word_1_317' title='bbox 860 2755 939 2796; x_wconf 86' lang='lat'><strong>10:</strong></span> <span class='ocrx_word' id='word_1_318' title='bbox 972 2752 1188 2797; x_wconf 72' lang='lat' dir='ltr'><strong>aSecurus</strong></span> <span class='ocrx_word' id='word_1_319' title='bbox 1228 2766 1406 2807; x_wconf 84' lang='lat' dir='ltr'><strong>sparsas</strong></span> <span class='ocrx_word' id='word_1_320' title='bbox 1445 2751 1533 2793; x_wconf 83' lang='lat' dir='ltr'><strong>dux</strong></span> <span class='ocrx_word' id='word_1_321' title='bbox 1571 2750 1715 2803; x_wconf 84' lang='lat' dir='ltr'><strong>gregis</strong></span> 
     </span>
    </p>
   </div>
  </div>
 </body>
</html>
