1942 3132
307 196 377 231 260
408 191 410 193 ’
867 213 922 241 AD
942 213 990 241 Π.
1014 212 1047 250 3,
1075 210 1237 240 11—14.

308 328 371 369 De
398 329 516 370 univ.
551 329 626 370 12:
661 328 795 370 «Cum
823 331 970 370 autem
997 329 1158 370 animis
1185 341 1370 381 corpora
1396 341 1496 369 cum
1534 328 1796 373 necessitate

307 405 565 446 insevisset»
600 407 642 446 et
677 405 794 447 Pers.
836 404 923 447 Sat.
951 405 999 446 V.
1030 406 1228 446 63—64:
1264 405 1448 445 «inseris
1487 418 1615 447 aures
1651 404 1796 458 Fruge

309 481 593 523 Cleanthea».
633 506 691 510 ——-
728 481 923 538 yraoiles
951 516 959 523 .
992 516 999 523 .
1039 516 1046 523 .
1086 484 1226 530 artus,
1274 481 1459 534 graciles
1505 484 1609 522 sunt
1652 483 1794 535 poetae

310 558 463 599 erotici
489 560 669 611 propter
694 571 916 608 amorem3
944 560 995 599 cf.
1023 558 1149 611 Prop.
1178 558 1234 599 ΙΙ.
1264 559 1331 607 922,
1362 559 1442 599 21:
1467 558 1625 599 «exiles
1647 558 1799 599 videor

309 636 517 676 tenuatus
556 635 602 676 in
641 637 786 676 artus»
818 637 861 676 et
887 634 962 676 Ov.
990 635 1085 676 Am.
1114 635 1167 676 Π.
1202 635 1265 683 10,
1295 635 1362 675 23.
1392 634 1444 675 de
1472 648 1541 675 se:
1576 634 1797 688 «graciles,

309 724 400 752 non
428 713 531 752 sunt
558 712 651 753 sine
678 712 844 754 viribus
871 715 1035 753 artus».
1067 737 1121 740 ——
1147 710 1350 755 Laedcrel
1389 713 1428 754 ct
1465 714 1642 755 teneras
1676 725 1797 768 pus-

309 786 413 828 sula
436 789 575 842 rupta
605 800 790 842 manus,
814 790 864 829 ut
891 802 1023 844 supra
1047 788 1080 829 I.
1109 789 1149 836 4,
1178 790 1260 829 48:
1295 788 1404 829 «Aut
1431 801 1564 841 opera
1601 789 1798 831 insuetas

311 864 543 906 atteruisse
570 878 772 906 manus».
800 889 858 892 —
883 865 1092 919 pussula,
1118 864 1248 906 alibi:
1276 865 1470 918 pustula.

369 941 418 982 V.
451 943 634 983 11—-14,
662 939 795 983 Pavit
834 945 874 984 el
915 940 1097 983 Admeti
1141 943 1299 984 lauros
1343 941 1573 997 formosus
1620 940 1800 997 Apollo,

310 1018 564 1071 Apollinem
602 1018 776 1060 Admeti
822 1031 970 1059 amore
1013 1021 1192 1071 captum
1231 1019 1314 1059 hoc
1342 1019 1571 1060 servitium
1610 1018 1799 1060 subiisse

310 1095 554 1137 narrabant
599 1098 740 1149 poetae
781 1095 1094 1144 Alexandrini3
1141 1096 1192 1136 cf.
1237 1095 1408 1137 Gallim.
1457 1097 1607 1149 hymn.
1655 1095 1798 1149 Apoll.

311 1173 511 1214 46—48:
535 1171 690 1226 Φοῖβον
715 1173 787 1214 καὶ
812 1171 969 1228 Νόμιον
994 1173 1270 1228 κικλήσκομεν
1297 1170 1399 1219 ἐξέτι
1423 1175 1573 1221 κείνου,
1601 1172 1715 1220 Εξότ’
1743 1170 1799 1214 ἐπ’

307 1247 545 1305 Ἀμφρυσσῷ
571 1248 792 1301 ζευγίτιδας
811 1247 974 1305 ἔτρεφεν
990 1246 1146 1298 ἵππους,
1163 1246 1335 1289 Ἠιθὲοο
1353 1245 1415 1290 ὁπ’
1434 1247 1552 1304 ἐ’ρώτι
1566 1251 1800 1305 κεκαυμένη

306 1324 530 1382 Ἀδμήτοιο.
570 1325 793 1366 Tibullum
832 1327 935 1366 ante
974 1326 1124 1366 oculos
1163 1325 1320 1366 habuit
1355 1325 1491 1379 Lygd.
1531 1327 1571 1375 4,
1601 1326 1800 1367 65—68:

318 1401 490 1444 «Saevus
517 1402 652 1442 Amor
678 1401 827 1443 docuit
853 1401 1023 1442 validos
1049 1403 1265 1455 temptare
1290 1402 1477 1454 labores,
1502 1401 1651 1443 Saevus
1668 1402 1804 1443 Amor

313 1479 461 1520 docuit
486 1479 668 1520 verbera
693 1491 823 1532 posse
850 1478 956 1531 pati.
983 1478 1056 1518 Me
1084 1478 1309 1531 quondam
1334 1478 1509 1520 Admeti
1547 1479 1700 1520 niveas
1725 1493 1801 1533 pa-

311 1556 427 1597 visse
466 1556 674 1597 iuvencas
700 1555 799 1596 Non
826 1557 892 1596 est
930 1556 976 1596 in
1003 1567 1167 1596 vanum
1206 1555 1356 1597 fabula
1392 1555 1493 1597 ficta
1529 1556 1718 1598 iocum».
1746 1580 1805 1585 —

314 1631 512 1687 Admeti,
552 1636 645 1674 erat
683 1647 756 1673 rex
787 1633 1029 1673 Pherarum
1055 1633 1103 1674 in
1128 1633 1382 1682 Thessalia3
1411 1634 1460 1674 cf.
1491 1631 1566 1674 Ov.
1594 1633 1642 1674 A.
1671 1633 1718 1673 A.
1745 1632 1801 1674 H.

315 1710 575 1751 2392-2402
610 1708 851 1762 «Cynthius
877 1709 1052 1750 Admeti
1091 1722 1245 1751 vaccas
1281 1710 1456 1763 pavisse
1494 1709 1662 1751 Pheraei
1699 1709 1803 1751 Fer-

312 1788 424 1827 tur».
445 1811 501 1814 --
517 1786 750 1842 formosus
777 1784 955 1841 Apollo,
981 1788 1075 1827 erat
1102 1787 1221 1827 enim
1247 1786 1430 1827 deorum
1455 1786 1803 1840 pulcherrimus3

314 1864 367 1905 cf.
394 1863 520 1916 Verg.
562 1864 669 1904 Aen.
697 1863 773 1904 III.
809 1865 915 1905 119:
950 1863 1158 1917 «pulcher
1182 1862 1383 1916 Apollo».
1412 1887 1470 1890 -—
1495 1862 1686 1906 intonsae
1713 1897 1720 1904 .
1746 1877 1760 1904 ·.
1792 1897 1799 1905 .

314 1952 469 1998 oomae,
504 1941 556 1981 cf.
599 1940 698 1981 adn.
739 1939 794 1981 ad
831 1940 863 1981 I.
892 1941 932 1989 4,
978 1940 1057 1981 38:
1092 1939 1226 1980 «Nam
1264 1939 1390 1980 decet
1426 1940 1631 1980 intonsus
1669 1939 1804 1980 crinis

313 2020 549 2070 utrumque
587 2016 759 2058 deum».
788 2041 845 2043 —--
878 2015 1219 2071 profueruutve,
1258 2016 1509 2057 coniunctio
1542 2028 1591 2058 ve
1630 2016 1686 2057 ad
1727 2015 1804 2058 iu-

315 2095 455 2136 tonsae
480 2094 698 2146 pertinet;
738 2094 789 2134 cf.
819 2093 871 2134 de
898 2094 980 2134 hac
1007 2093 1298 2133 collocatione
1337 2092 1663 2134 coniunctionis
1704 2092 1802 2134 adn.

316 2184 449 2224 supra
490 2170 545 2211 ad
585 2170 617 2211 Ι.
664 2171 728 2218 10,
770 2171 850 2211 51;
885 2170 1115 2211 «Rusticus
1154 2183 1175 2210 e
1215 2169 1400 2223 lucoque
1441 2169 1605 2211 vehit».
1631 2194 1689 2197 -—
1715 2167 1806 2212 Nec

313 2242 462 2302 potuit
503 2259 638 2289 curas
680 2259 849 2289 saltare
895 2246 1161 2289 salubribus
1207 2245 1386 2288 herbis:
1432 2244 1668 2301 Quidquid
1708 2247 1805 2289 erat

314 2322 498 2367 medicae
536 2323 706 2366 vicerat
744 2324 858 2366 artis
892 2336 1038 2378 amor,
1064 2323 1211 2364 locum
1239 2325 1340 2364 ante
1368 2323 1518 2364 oculos
1545 2323 1701 2364 habuit
1727 2321 1803 2364 Ov.

316 2400 420 2443 Met.
449 2401 479 2443 Ι,
510 2402 756 2442 523--524,
786 2400 933 2451 (verba
958 2399 1219 2454 Apollinis):
1255 2399 1330 2440 «Ei
1367 2400 1493 2449 mihi,
1521 2398 1637 2453 quod
1669 2399 1806 2440 nullis

318 2492 442 2520 amor
468 2480 534 2520 est
561 2478 772 2519 sanabilis
798 2478 959 2526 herbis,
987 2478 1075 2519 Nec
1091 2479 1279 2531 prosunt
1295 2477 1488 2525 domino,
1509 2489 1603 2530 quae
1619 2477 1807 2529 prosunt

318 2555 536 2604 omnibus,
581 2556 737 2603 artes»,
781 2556 823 2595 et
863 2554 966 2595 Her.
1012 2556 1051 2603 5,
1085 2554 1326 2595 149—152.
1370 2553 1518 2604 (verba
1558 2551 1803 2602 Oenones):

324 2630 419 2672 «Me
444 2631 667 2680 miseram,
697 2630 814 2683 quod
840 2643 964 2671 amor
990 2644 1082 2672 non
1109 2633 1175 2672 est
1198 2629 1473 2671 medicabilis
1511 2627 1683 2670 herbis!
1721 2626 1806 2668 De-

317 2708 440 2750 ficior
465 2706 659 2760 prudens
687 2706 792 2747 artis
820 2706 873 2747 ab
901 2709 993 2747 arte
1031 2720 1142 2747 mea.
1171 2706 1272 2759 Ipse
1310 2707 1506 2758 repertor
1532 2703 1628 2756 opis
1653 2716 1806 2745 vaccas
