1942 3132
261 191 308 226 82
859 203 916 232 An
937 203 966 233 1.
991 202 1024 242 s,
1050 202 1169 232 5—8.

262 322 406 363 sortes
446 331 528 362 nec
565 320 747 362 conscia
787 319 907 375 fibra
944 319 1148 370 deorum,
1187 317 1422 362 Praecinit
1464 320 1649 362 eventus
1689 332 1771 362 <neo

262 396 377 439 mihi
402 398 566 439 cantus
606 397 720 446 avis,
749 411 843 438 non
883 412 934 439 ex
975 397 1254 440 divinatione
1294 410 1493 439 amorem
1531 400 1660 439 tuum
1700 410 1769 439 co-

261 474 415 528 gnovi3
439 476 491 515 cf.
518 474 637 515 infra
653 474 709 515 II..
727 475 767 522 5,
788 475 837 516 11
857 490 867 516 ε
902 474 1006 515 «tibi
1034 474 1210 515 deditus
1230 487 1394 527 augur»
1428 476 1471 514 et
1491 473 1591 514 adn.
1612 473 1724 514 adh.
1740 474 1768 515 1.

263 550 490 591 Tibullum
523 550 727 591 imitatur
754 549 828 591 Ov.
858 550 985 592 Trist.
1013 551 1046 591 I.
1077 552 1116 599 9,
1145 551 1349 591 49—50:
1383 549 1513 590 «Haec
1538 549 1652 591 mihi
1678 563 1773 591 non

263 628 412 670 ovium
439 627 558 669 fibrae
585 628 836 669 tonitrusve
877 628 1047 669 sinistri
1086 627 1316 680 Linguave
1345 629 1527 668 servatae
1566 640 1772 680 pennave

262 705 372 746 dixit
405 706 540 746 avis».
571 727 628 733 —
654 706 815 755 sortes,
855 704 1015 755 alludit
1055 703 1118 744 ad‘
1148 704 1474 745 divinationem
1511 717 1592 756 per
1631 706 1773 746 sortes

261 781 289 822 i.
320 795 354 822 e.
383 794 464 835 per
490 781 695 822 tessellas
723 780 1015 822 aut‘tabellas
1042 781 1284 834 inscriptas
1312 783 1355 821 et
1373 794 1424 820 ex
1449 793 1564 821 urna
1590 780 1745 822 ductas
1761 798 1771 831 ;

262 859 314 899 cf.
345 858 445 899 adn.
475 858 592 899 infra
618 857 674 898 ad
698 858 730 898 I.
763 859 800 906 3,
834 859 898 899 11.
928 882 986 886 —
1013 857 1198 899 conscia
1236 857 1357 911 fibra
1381 855 1588 906 deorum,
1614 858 1772 899 volun-

262 935 370 976 tatis
407 934 618 984 deorum;
660 934 819 975 alludit
857 934 914 975 ad
945 934 1239 987 extispicium.
1276 933 1338 976 Cf.
1380 934 1476 975 Tac.
1509 933 1656 976 Germ.
1690 935 1770 984 10.,

262 1011 339 1052 ubi
367 1024 516 1065 equos,
546 1024 737 1064 quorum
762 1011 980 1064 praesagia
1008 1010 1219 1052 Germani
1239 1011 1546 1056 observabant,
1567 1011 1772 1054 conscios

264 1087 455 1131 deorum
482 1088 682 1142 appellat
709 1090 753 1129 et
778 1088 905 1141 Prop.
935 1088 1008 1129 IV.
1043 1089 1078 1131 1.
1112 1089 1219 1130 104:
1253 1088 1366 1129 «Aut
1398 1088 1483 1129 sibi
1509 1089 1774 1130 commissos

262 1162 374 1205 fibra
415 1164 565 1204 locuta
606 1164 754 1205 deos».
799 1189 855 1192 —
898 1163 1029 1219 fibra,
1073 1164 1383 1217 intellegendae
1425 1167 1530 1204 sunt
1566 1164 1774 1217 inprimis

263 1240 421 1282 iecoris
443 1240 575 1289 fibrae,
597 1254 708 1294 quas
725 1241 916 1282 maxime
945 1241 1242 1282 observabant
1264 1241 1524 1294 haruspices
1542 1256 1551 1290 ;
1580 1242 1630 1282 cf.
1653 1239 1771 1283 Serv.

264 1316 319 1358 ad
344 1317 472 1371 Verg.
514 1319 621 1358 Aen.
663 1317 714 1358 X.
756 1318 849 1358 176.
892 1319 935 1358 et
975 1317 1051 1358 Ge.
1081 1317 1114 1358 Ι.
1149 1319 1256 1358 120:
1290 1316 1432 1358 «fibrae
1472 1319 1577 1359 sunt
1617 1318 1775 1359 iecoris

265 1396 589 1436 extremitates»
635 1396 678 1435 et
717 1394 840 1435 Paul.
875 1394 992 1435 Fest.
1023 1408 1056 1435 s.
1086 1407 1123 1435 v.
1154 1392 1291 1436 Fiber
1316 1396 1372 1447 (p.
1404 1395 1471 1435 64.
1518 1394 1582 1435 ed.
1627 1394 1777 1435 Thew-

265 1471 406 1523 rewk).
436 1496 495 1499 ——
524 1473 721 1523 eventus,
761 1472 986 1519 eventura,
1027 1473 1077 1511 ut
1114 1471 1231 1511 infra
1269 1471 1301 1511 Ι.
1343 1472 1382 1519 6,
1413 1472 1495 1512 50;
1542 1471 1621 1512 «Et
1658 1465 1805 1512 canit'

266 1550 465 1596 eventus,
496 1561 606 1600 quos
647 1547 730 1588 dea
768 1560 933 1600 magna
970 1550 1166 1588 monet».
1195 1572 1254 1577 ——
1281 1549 1441 1589 cantus
1473 1548 1583 1596 avis,
1619 1547 1780 1589 alludit

178 1628 182 1632 ⁴
265 1623 321 1665 ad
347 1624 583 1676 augurium
610 1638 692 1678 per
719 1625 905 1673 oscines,
925 1625 952 1665 i.
975 1637 1009 1665 e.
1027 1637 1108 1677 per
1134 1637 1250 1673 aves,
1271 1637 1459 1678 quarum
1485 1637 1614 1666 voces
1642 1638 1776 1678 augu-

265 1714 336 1742 res
362 1701 671 1742 observabant.

325 1777 373 1819 V.
405 1780 536 1819 5—8.
577 1776 693 1832 Ipsa
731 1776 875 1819 Vena<
902 1811 909 1819 .
941 1811 950 1819 .
982 1809 992 1818 .
1031 1776 1282 1832 perdocuit.
1328 1791 1385 1818 sc.
1430 1778 1582 1819 Venus
1623 1778 1778 1820 multis

266 1855 504 1896 tormentis
544 1855 649 1896 fecit
685 1868 758 1896 me
798 1855 962 1896 amoris
1001 1855 1222 1908 peritum;
1263 1855 1315 1896 cf.
1343 1855 1471 1909 Prop.
1501 1855 1533 1896 I.
1564 1857 1603 1903 9,
1633 1857 1777 1897 5—8:

271 1932 396 1973 «Non
422 1945 493 1972 me
521 1931 733 1973 Chaoniae
762 1932 946 1973 vincant
973 1932 1020 1972 in
1048 1945 1198 1973 amore
1226 1932 1441 1973 columbae
1468 1931 1638 1981 Dicere,
1667 1946 1778 1985 quos

266 2009 450 2050 iuvenes
479 2022 663 2063 quaeque
689 2009 843 2062 puella
868 2009 1043 2057 domet;
1077 2009 1150 2050 Me
1178 2009 1305 2050 dolor
1332 2009 1374 2050 et
1398 2009 1593 2050 lacrimae
1616 2009 1777 2050 merito

269 2086 410 2126 fecere
436 2086 645 2138 peritum,
674 2085 819 2139 Atque
845 2085 1020 2126 utinam
1047 2085 1194 2139 posito
1222 2086 1343 2127 dicar
1369 2099 1520 2127 amore
1538 2086 1702 2127 rudis».
1719 2109 1778 2114 —-

267 2162 448 2216 Μαρίου
475 2195 484 2203 .
513 2195 522 2203 .
553 2195 562 2203 .
592 2160 731 2214 nodo,
772 2162 1098 2203 usitatissimus
1141 2164 1235 2203 erat
1275 2162 1324 2204 in
1364 2163 1513 2216 magia
1559 2165 1778 2204 amatoria

268 2237 412 2278 nodus
454 2238 627 2288 magico
671 2239 763 2279 ritu
805 2239 1085 2287 constrictus,
1128 2241 1178 2279 ut
1209 2238 1336 2292 Verg.
1377 2239 1468 2279 Ecl.
1504 2239 1544 2288 8,
1573 2239 1775 2281 76—77:

276 2313 433 2354 «Necte
460 2314 603 2355 tribus
631 2315 762 2356 nodis
791 2317 954 2365 ternos,
985 2315 1213 2368 Amarylli,
1254 2316 1440 2363 colores,
1466 2315 1614 2364 Necte,
1643 2316 1774 2356 Ama-

270 2390 383 2443 rylli,
424 2390 558 2431 modo
603 2393 669 2432 et:
712 2391 898 2433 Veneris
924 2417 983 2420 ——
1010 2392 1079 2432 dic
1110 2416 1170 2421 —
1199 2392 1380 2433 vincula
1416 2396 1589 2433 necto».
1631 2392 1776 2444 Quare

269 2467 403 2520 poeta
439 2467 524 2507 hoc
562 2467 659 2508 loco
686 2467 850 2509 Veneri
889 2469 976 2522 ipsi
1014 2469 1151 2509 talem
1189 2468 1358 2510 nodum
1396 2469 1553 2510 tribuit
1585 2482 1774 2522 eumque

271 2542 471 2584 imitatus
511 2544 578 2583 est
605 2542 680 2584 Ov.
711 2544 814 2585 Her.
844 2547 884 2595 4,
920 2547 1029 2587 136:
1064 2545 1310 2599 «Imposuit
1346 2545 1489 2587 nodos
1527 2545 1598 2586 cui
1623 2544 1774 2585 Venus

270 2619 368 2673 ipsa
406 2632 554 2661 suos».
582 2643 641 2647 —
678 2620 936 2675 reliqatum,
979 2635 1035 2662 sc.
1072 2624 1175 2674 post
1212 2624 1398 2676 tergum.
1439 2645 1498 2650 —-
1534 2619 1775 2663 Perdocuit

273 2695 428 2739 multis
464 2707 559 2738 ‘non
595 2695 692 2737 sine
731 2697 1005 2749 verberibus,
1029 2698 1192 2741 Veneri
1230 2698 1458 2752 flagellum
1483 2697 1638 2738 tribuit
1662 2695 1770 2738 Hor.
