1942 3132
733 238 790 268 u>
810 238 860 267 11.
886 236 917 274 1,
940 234 1107 266 67—78.
1600 219 1672 254 209

179 359 307 413 Quod
332 359 460 415 digiti
486 356 736 413 expediunt,
755 358 888 411 atque
903 355 1023 397 inter
1039 353 1232 396 stamina
1250 353 1430 415 ductum
1458 353 1671 395 Percusso

178 438 350 495 feriunt
374 436 535 480 insecti
553 433 729 492 pectine
761 433 941 475 dentes»
962 447 973 482 ;
999 432 1091 474 Iuv.
1121 430 1209 473 Sat.
1251 430 1323 472 IX.
1354 431 1523 472 28—31
1546 446 1555 471 :
1584 430 1671 471 «la-

179 527 334 557 cernas
353 547 364 557 .
387 546 398 556 .
422 545 433 556 .
461 512 578 555 male
598 523 842 568 percussas
857 510 1041 552 textoris
1061 508 1238 566 pectine
1256 507 1398 551 Galli»
1418 522 1428 557 ;
1457 507 1532 550 Ov.
1552 508 1668 550 Fast.

179 592 256 634 III.
286 590 547 635 819—820:
591 588 699 630 «Illa
739 588 873 630 etiam
913 589 1084 629 stantes
1122 585 1245 628 radio
1278 598 1532 639 percurrere
1559 584 1674 626 telas

179 668 338 711 Erudit
363 670 407 711 et
420 680 570 710 rarum
592 666 768 721 pectine
785 665 944 707 densat
960 677 1113 719 opus».
1138 688 1196 692 -—
1223 662 1460 719 applauso‚
1481 662 1669 717 pulsato,

179 758 399 800 percusso,
426 747 478 786 ut
503 743 678 786 sonitus
703 741 806 791 fiat3
833 743 886 784 cf.
926 740 1248 794 Pseudo—Verg.
1278 739 1361 782 Cir.
1397 741 1504 782 179:
1550 739 1673 781 «Non

156 839 158 842 ’
180 822 344 877 Libyco
370 821 531 864 molles
550 819 847 877 plauduntur
879 818 1056 875 pectine
1083 818 1208 860 telae·
1241 820 1284 859 et
1315 817 1367 859 de
1397 818 1521 871 equis
1546 817 1670 871 Verg.

181 899 257 944 Ge.
285 899 362 942 111.
395 899 504 942 186:
536 897 728 952 «plausae
755 899 952 939 sonitum
970 895 1152 937 cervicis
1165 908 1355 945 amare»,
1377 908 1507 949 quem
1524 894 1672 937 locum

180 978 244 1020 ita
268 976 471 1019 imitatur
497 973 573 1017 Sil.
601 974 644 1016 It
673 973 781 1016 Pun.
810 972 924 1015 XVI.
956 973 1068 1015 357:
1102 985 1256 1026 «asper
1280 985 1363 1013 nec
1387 973 1464 1026 'qui
1491 973 1675 1014 cervicis

180 1056 351 1097 amaret
374 1052 624 1109 Applausoe
648 1051 838 1094 blandos
880 1051 1095 1093 sonitus».
1125 1076 1181 1079 —
1209 1049 1300 1094 tela
1324 1053 1467 1100 sonat,
1498 1051 1673 1093 sonitus

178 1131 279 1173 telae
303 1130 479 1185 pectine
516 1141 735 1183 percussae
773 1127 993 1170 iucundus
1031 1127 1263 1169 videbatur
1300 1127 1507 1182 antiquis,
1537 1140 1670 1181 quare

179 1207 328 1262 Eurip.
357 1207 499 1262 Iphig.
528 1206 654 1248 Taur.
684 1206 782 1248 211.
826 1202 960 1252 ἱστοὺς
988 1207 1118 1247 vocat
1142 1205 1474 1261 καλλιφθόγγους
1501 1207 1546 1246 et
1569 1204 1674 1245 Phi-

179 1285 328 1339 lippus
352 1283 526 1339 κερκίδα
541 1283 584 1335 (i.
605 1297 640 1324 e.
660 1283 899 1337 pectinem)
916 1295 1017 1323 cum
1034 1281 1274 1324 hirundine
1292 1295 1465 1335 compa]
1476 1285 1523 1323 at
1535 1282 1670 1324 Anth.

178 1361 267 1404 Pal.
283 1360 355 1403 VL
384 1361 482 1411 247,
508 1362 527 1402 1
546 1376 556 1402 :
583 1358 794 1416 Κερκίδας
809 1357 1330 1416 ὀρθρολάλοισιχελιδόσιν
1346 1357 1646 1417 εἰκελοφώνοος
1663 1375 1674 1410 ;

179 1438 306 1493 Verg.
337 1437 413 1481 Ge.
442 1438 475 1480 I.
506 1439 603 1480 294.
634 1451 768 1492 supra
789 1437 906 1479 laud.
927 1436 1083 1479 eadem
1109 1437 1161 1479 de
1188 1450 1322 1479 causa
1347 1437 1571 1492 pectinem
1597 1451 1674 1492 ap-

180 1517 321 1571 pellat
359 1518 577 1571 argutum.
611 1540 670 1544 —
698 1515 847 1566 latere,
888 1515 1007 1557 latus
1048 1514 1148 1555 telae
1186 1515 1230 1566 (i.
1272 1528 1306 1556 e.
1347 1514 1472 1566 texti)
1507 1516 1675 1569 pectini

181 1587 428 1636 ob'versum.

238 1669 287 1712 V.
317 1671 505 1713 67—792.
546 1670 666 1713 inter
704 1681 842 1727 ayros
864 1703 874 1712 .
899 1703 908 1712 .
934 1702 944 1711 .
989 1668 1168 1726 Cupido
1208 1671 1357 1720 natus,
1390 1673 1441 1712 ut
1465 1670 1671 1724 Pervigil.

180 1747 288 1789 Ven.
318 1749 521 1791 76—78:
554 1749 679 1802 «Ipse
712 1750 849 1790 Amor
873 1762 984 1802 puer
1007 1748 1164 1790 Dionae
1202 1761 1304 1790 rure
1330 1750 1463 1789 natus
1489 1747 1674 1789 dicitur:

181 1825 315 1867 Hunc
342 1837 454 1879 ager,
484 1837 585 1866 cum
609 1825 851 1879 parturiret
887 1825 995 1878 ipsa,
1025 1824 1220 1878 suscepit
1244 1824 1358 1874 sinu,
1387 1824 1490 1877 Ipsa
1515 1823 1675 1866 florum

182 1901 384 1944 delicatis
423 1901 625 1943 educavit
663 1901 870 1943 osculis».
907 1926 964 1930 —
998 1900 1247 1944 indomitas
1267 1934 1277 1943 .
1301 1934 1311 1943 .
1336 1934 1346 1943 .
1376 1901 1494 1944 inter
1519 1914 1674 1957 equas,

182 1977 469 2033 cogitandum
492 1977 546 2019 de
571 1978 718 2019 furore
744 1990 958 2032 equarum
974 1977 1216 2032 cupiditate
1243 1977 1434 2019 coeundi
1456 1980 1677 2032 correpta-

183 2069 293 2106 rum,
323 2059 373 2097 ut
394 2054 513 2097 infra
536 2054 592 2096 H.
620 2055 662 2103 4,
690 2055 895 2097 58—59:
928 2054 1028 2096 mbi
1054 2054 1286 2096 indomitis
1303 2054 1510 2108 gregibus
1526 2054 1678 2096 Venus

184 2131 318 2174 adflat
345 2144 530 2180 amores,
559 2130 868 2184 Hippomanes
884 2130 1054 2184 cupidae
1073 2131 1214 2172 stillat
1229 2131 1283 2173 ab
1300 2132 1486 2186 inguine
1503 2145 1649 2186 equae»
1667 2146 1678 2181 ;

183 2210 235 2251 cf.
264 2210 382 2251 infra
407 2209 506 2250 adn.
537 2208 591 2250 ad
617 2208 658 2250 h.
700 2209 726 2250 1.
755 2208 821 2251 De
859 2208 1012 2251 eadem
1045 2222 1092 2250 re
1130 2209 1309 2263 copiose
1335 2210 1462 2264 Verg.
1493 2209 1569 2253 Ge.
1598 2210 1675 2251 HL

185 2287 297 2328 266':
330 2284 532 2326 «Scilicet
560 2289 662 2326 ante
685 2286 846 2326 omnes
867 2286 990 2327 furor
1015 2288 1083 2327 est
1106 2285 1298 2340 insignis
1326 2299 1563 2340 equarum»
1595 2289 1674 2328 etc.

184 2387 240 2391 —
266 2360 446 2405 indocto
469 2394 478 2403 .
503 2394 512 2403 .
537 2394 547 2403 .
578 2374 691 2404 arcu
710 2394 721 2403 .
745 2394 755 2403 .
779 2393 789 2403 .
819 2360 975 2405 doctas
996 2395 1006 2404 .
1031 2395 1041 2404 .
1066 2395 1076 2404 .
1105 2375 1284 2413 manus,
1314 2367 1365 2405 ut
1384 2363 1511 2417 Prop.
1530 2363 1585 2405 Π.
1611 2365 1675 2413 19,

188 2440 267 2482 12:
312 2438 391 2480 «Et
417 2439 553 2481 vitem
593 2438 723 2480 docta
759 2451 926 2493 ponere
966 2440 1077 2482 falce
1115 2453 1307 2482 comas».
1336 2466 1394 2469 —
1419 2440 1587 2497 sia-isse,
1617 2454 1674 2482 sc.

188 2516 375 2570 sagittis.
404 2541 461 2545 ——
489 2514 699 2566 audaces,
729 2519 972 2571 opponitur
1001 2517 1175 2572 puellis.

242 2592 292 2634 V.
322 2594 509 2636 73—78.
540 2591 684 2636 dicere
710 2592 843 2637 iussit
866 2592 1028 2637 Limen
1054 2593 1115 2637 ad
1140 2594 1273 2637 iratae
1302 2595 1442 2638 verba
1460 2593 1677 2651 pudenda

190 2680 354 2720 senem,
397 2670 472 2724 qui
511 2683 536 2711 a
573 2670 725 2724 puella
762 2671 963 2713 exclusus
1005 2676 1096 2721 est;
1136 2673 1188 2714 cf.
1229 2686 1363 2726 supra
1394 2673 1426 2714 I.
1463 2674 1500 2723 2,
1530 2674 1597 2715 93.
1627 2672 1680 2713 de

186 2758 293 2788 sene
317 2750 540 2790 amatore:
573 2747 722 2789 «Stare
748 2761 830 2790 nec
856 2755 959 2791 ante
986 2750 1102 2792 fores
1127 2750 1330 2804 puduit».
1363 2775 1410 2778 ν
1439 2749 1672 2804 pudenda,

257 2840 433 2876 Nemean.-
451 2842 534 2870 Αιῡει·
558 2842 677 2870 Tamtu
698 2842 863 2870 carmina.
1499 2831 1539 2865 14
