1942 3132
823 221 879 250 1V.
906 220 962 250 11.
989 219 1045 250 12.
1070 220 1104 249 7.

921 396 994 440 IV.

265 494 405 537 Estne
431 494 526 543 tibi,
555 492 779 542 Cerintho,
803 494 896 534 ‘tuae
921 493 998 547 pia
1024 505 1130 534 cura
1156 492 1331 546 puellae,

327 571 455 624 Quod
480 584 582 613 mea
607 583 728 613 nunc
753 571 883 612 vexat
909 582 1099 623 corpora
1124 569 1244 611 fessa
1270 569 1428 610 calor?

264 650 301 692 A
328 663 410 705 ego
436 663 531 691 non
557 649 690 691 aliter
712 647 868 689 tristes
895 646 1100 688 evincere
1127 646 1310 688 morbos

326 725 543 781 optarim,
571 739 711 781 quam-
730 727 776 766 te
804 725 840 766 si
869 737 1046 779 quoque
1072 724 1189 766 velle
1215 726 1386 778 putem.

264 805 322 846 At
347 804 461 846 mihi
486 802 594 858 quid
617 802 763 857 prosit
786 801 970 844 morbos
996 796 1217 851 evincere,
1245 801 1284 842 si
1310 804 1359 842 tu
1426 857 1428 860 Ι

325 881 488 923 Nostra
512 882 641 935 potes
664 880 790 922 lento
816 881 997 933 pectore
1024 879 1140 920 ferre
1165 879 1323 920 mala?
1405 857 1426 867 a

929 1092 979 1135 V.

264 1190 329 1231 Ne
355 1189 438 1231 tibi
465 1190 561 1238 sim,
590 1201 692 1230 mea
717 1188 805 1236 lux,
833 1200 958 1242 aeque
984 1187 1077 1228 iam
1105 1185 1276 1228 fervida
1302 1198 1422 1235 cura,

324 1267 385 1308 Ac
412 1266 566 1309 videor
589 1278 759 1322 paucos
785 1267 889 1307 ante
919 1264 1060 1307 fuisse
1086 1263 1194 1314 dice,

265 1344 312 1387 Si
338 1346 577 1400 quicquam
601 1346 697 1386 tota
722 1342 929 1384 commisi
957 1341 1096 1383 stulta
1123 1341 1318 1390 iuventa,

323 1422 462 1465 Cuius
487 1435 559 1464 me
585 1421 728 1463 fatear
751 1419 1016 1475 paenituisse
1041 1418 1200 1472 magis,

231 1530 241 1532 -
263 1498 488 1541 Hesterna
513 1510 647 1554 quam
672 1498 715 1538 te
743 1496 891 1538 solum
918 1494 1037 1550 quod
1062 1498 1195 1536 nocte
1223 1495 1398 1549 reliqui,

321 1575 539 1625 Ardorem
564 1574 751 1628 cupiens
779 1572 1067 1614 dissimulare
1094 1585 1259 1614 meum.

920 1788 992 1829 vl.

264 1884 462 1927 Tandem
489 1884 612 1926 venit
637 1896 774 1933 amor,
804 1883 986 1937 qualem
1014 1882 1176 1923 texisse
1203 1879 1378 1935 pudori,

326 1961 469 2014 Quam
495 1960 690 2003 nudasse
716 1959 865 2008 alicui,
896 1959 954 2000 sit
979 1958 1108 2008 mihi,
1136 1957 1290 2006 Fama,
1318 1957 1475 2011 magis.

265 2039 458 2080 Exorata
483 2038 597 2080 meis
621 2037 754 2079 illum
780 2035 1002 2090 Cytherea
1027 2035 1238 2078 Camenis

323 2118 487 2160 Attulit
511 2117 562 2159 in
586 2119 792 2158 nostrum
819 2114 1117 2169 deposuitque
1146 2113 1313 2155 sinum.

264 2194 464 2237 Exsolvit
489 2194 712 2248 promissa
737 2192 914 2234 Venus:
941 2205 1044 2233 mea
1068 2190 1235 2245 gaudia.
1259 2191 1427 2239 narret,

325 2272 509 2314 Dicetur
535 2272 571 2313 si
599 2271 700 2325 quis
725 2283 821 2312 non
847 2268 1058 2311 habuisse
1086 2281 1179 2310 sua.

266 2350 365 2391 Non
392 2362 472 2404 ego
501 2348 691 2403 signatis
716 2346 955 2401 quicquam
979 2344 1196 2387 mandare
1222 2343 1414 2394 tabellis,

324 2426 388 2468 Ne
414 2426 534 2479 legat
559 2424 604 2466 id
629 2436 763 2465 nemo
791 2436 927 2477 quam
953 2435 1082 2464 meus
1108 2424 1228 2474 ante,
1255 2422 1405 2472 velim,

266 2501 352 2546 Sed
376 2516 583 2558 peccasse
608 2501 745 2550 iuvat,
773 2500 924 2543 vultus
949 2513 1219 2555 componere
1247 2500 1375 2541 famae

324 2580 497 2623 Taedet:
524 2593 626 2621 cum
652 2579 787 2633 digno
813 2577 949 2634 digna
975 2579 1113 2621 fuisse
1139 2579 1270 2621 ferar.

1579 490 1645 525 IV.
1669 490 1723 525 11.

1580 1183 1646 1218 IV.
1668 1184 1721 1218 12.

1600 1878 1668 1912 IV.
1687 1877 1720 1913 7.

1752 2598 1790 2620 10
