1942 3132
276 166 346 202 232
830 182 887 210 AD
907 182 963 211 1v.
987 181 1021 220 5,
1047 180 1209 211 15—20.

278 296 403 346 calet,
444 310 502 338 sc.
542 310 705 339 amore.
731 322 789 327 —
814 297 931 341 alios
966 298 1060 340 iam
1101 310 1222 339 nune
1259 298 1458 353 suspiret
1495 311 1683 350 amores,
1711 303 1760 342 ut

281 386 414 427 supra
438 373 472 414 I.
501 375 540 423 6,
578 375 657 415 35:
691 373 919 416 «absentes
946 375 1056 416 alios
1098 375 1292 428 suspirat
1317 388 1545 425 amores»;
1571 377 1625 418 cf.
1658 377 1759 419 adn.

281 448 335 490 ad
360 449 405 491 h.
430 450 460 491 l.
487 474 545 478 —
569 449 735 506 infidos
758 484 767 493 .
794 485 801 493 .
828 485 836 493 .
865 451 1071 507 relinque
1096 451 1236 507 foco-5,
1256 464 1378 493 aram
1393 452 1477 494 viri
1493 452 1618 513 infidi
1633 467 1644 502 ;
1671 467 1761 495 cre-

280 525 465 567 debatur
490 527 610 568 enim
637 526 805 569 Genius
821 528 892 569 die
907 529 1046 570 natali
1063 528 1117 570 ad
1136 542 1258 570 aram
1281 529 1568 572 sacrificantis
1584 531 1761 580 venire3

280 602 335 643 cf.
361 602 478 643 infra
503 602 560 644 ΙΙ.
589 604 626 652 2,
670 604 717 644 1:
752 604 897 645 «venit
933 605 1105 646 Natalis
1140 604 1194 646 ad
1235 618 1355 646 aras»
1401 607 1443 646 et
1481 605 1585 648 ibid.
1619 621 1682 649 vs.
1710 610 1762 650 5:

288 676 410 730 «Ipse
450 691 553 719 suos
592 678 707 720 adsit
745 678 913 721 Genius
950 681 1126 721 visurus
1161 681 1396 721 honores».
1424 705 1479 709 —
1506 679 1597 724 Nee
1624 685 1672 725 tu
1698 684 1762 726 sis

281 752 470 803 iniusta,
506 752 664 804 Venus,
694 758 810 796 esset
835 755 918 796 dea
949 756 1127 803 iniusta,
1157 756 1194 796 si
1216 756 1410 809 puellam
1437 757 1578 810 magis
1603 762 1762 808 ureret,

281 843 413 883 quam
440 829 712 873 Cerinthum.
736 856 794 861 —
819 845 954 888 oeque,
983 833 1116 886 iunge
1143 846 1243 873 cum
1269 832 1455 875 vinctus.
1484 858 1538 862 —--
1565 835 1763 889 uterque,

282 918 339 947 sc.
362 909 578 949 nostrum.

341 984 391 1026 V.
423 986 608 1027 15—20.
637 984 725 1028 Sed
744 986 900 1041 potius
926 986 1082 1029 valida
1122 990 1355 1029 teneamur
1379 989 1565 1042 uterque
1591 991 1765 1039 eatena,

283 1057 426 1103 Nulla
452 1063 586 1116 queat
621 1062 807 1116 posthae
850 1074 928 1104 nos
971 1062 1163 1105 soluisse
1190 1061 1296 1111 dies,
1326 1065 1458 1116 poeta
1485 1065 1588 1104 ante
1616 1064 1767 1105 oculos

283 1137 492 1180 habuisse
519 1139 692 1180 videtur
730 1139 859 1193 Prop.
887 1140 942 1180 II.
974 1141 1039 1184 15.
1070 1141 1268 1181 25—262
1314 1142 1468 1193 «atque
1506 1140 1678 1181 utinam
1706 1141 1767 1181 sic

282 1226 365 1254 nos
391 1214 556 1255 vincire
583 1217 739 1256 catena
764 1215 933 1265 Velles‚'
949 1218 998 1256 ut
1023 1229 1251 1269 nunquam
1281 1215 1471 1256 solveret
1504 1216 1597 1256 ulla
1631 1215 1767 1257 dies».

282 1289 348 1331 De
373 1291 563 1332 vinculis
591 1293 753 1332 amoris
775 1292 971 1345 loquitur
993 1291 1192 1333 Tibullus
1221 1292 1355 1332 etiam
1376 1292 1491 1332 infra
1509 1292 1564 1333 ΙΙ.
1596 1294 1630 1334 1.
1656 1294 1768 1334 18—

285 1368 366 1409 20:
400 1367 644 1422 «Flavaque
671 1369 876 1422 coniugio
899 1369 1078 1410 vincula
1103 1370 1246 1422 portet
1271 1369 1418 1418 Amor,
1447 1369 1645 1415 Vincula,
1673 1383 1768 1422 quae

283 1447 495 1485 maneant
523 1459 706 1499 semper,
751 1445 855 1486 dum
882 1445 1006 1486 tarda
1035 1449 1238 1487 senectus
1264 1445 1449 1487 Inducat
1475 1460 1603 1499 rugas
1629 1446 1768 1487 infici-

286 1523 415 1574 atque
442 1534 614 1563 comas»
649 1523 691 1562 et
716 1522 772 1562 II.
799 1523 840 1572 4,
870 1522 1008 1562 3——42
1058 1525 1320 1575 «teneorque
1360 1522 1526 1564 catenis
1564 1523 1619 1563 Et
1655 1536 1770 1564 nun-

285 1610 417 1650 quam
443 1597 606 1639 misero
633 1598 778 1638 vincla
818 1598 1004 1639 remittit
1042 1611 1207 1639 amor».
1234 1623 1293 1626 —
1318 1598 1525 1647 soluisse,
1566 1601 1774 1652 quattuor

289 1673 491 1726 syllabae;
522 1674 572 1715 cf.
604 1687 737 1727 supra
768 1674 800 1714 Ι.
832 1674 871 1724 7,
911 1675 962 1715 2:
1008 1674 1316 1715 «dissoluisse»
1364 1677 1407 1716 et
1446 1674 1550 1716 ibid.
1589 1688 1652 1717 vs.
1691 1676 1773 1716 40:

293 1749 641 1791 «dissoluenda».
682 1775 740 1778 —
769 1749 907 1805 pudet
948 1749 1040 1793 haee
1078 1750 1211 1793 illum
1247 1750 1393 1794 dicere
1431 1751 1567 1793 verba
1596 1752 1772 1807 palam,

284 1826 421 1880 pudet
445 1828 650 1868 iuvenem
677 1827 777 1869 ante
806 1840 927 1868 aram
955 1827 1006 1868 de
1047 1841 1194 1870 amore
1237 1841 1316 1869 suo
1358 1828 1492 1881 loqui,
1532 1841 1638 1869 nam
1673 1842 1774 1882 pro-

284 1904 440 1957 pinqui
483 1905 525 1944 et
566 1903 697 1944 amici
747 1904 1034 1945 circumstant
1083 1917 1184 1945 eum
1235 1903 1375 1945 Genio
1427 1903 1746 1946 sacrificantem
1762 1919 1773 1954 ;

287 1982 341 2022 cf.
391 1982 506 2022 infra
555 1981 612 2022 II.
664 1983 701 2030 2,
759 1982 886 2022 1—2.
936 1981 989 2022 de
1040 1981 1179 2022 natali
1231 1979 1442 2022 Cornuti:
1500 1980 1643 2022 «venit
1691 1981 1774 2023 Na·

287 2058 388 2099 talis
422 2059 477 2099 ad
503 2072 626 2099 aras:
664 2059 873 2112 Quisquis
901 2058 1017 2108 ades,
1053 2058 1216 2111 lingua,
1244 2059 1311 2100 vir
1347 2059 1604 2111 mulierque,
1633 2059 1775 2100 fave».

291 2134 496 2176 Ceterum
534 2138 627 2176 erat
665 2134 885 2177 Cornutus
924 2136 1098 2177 iuvenis
1136 2135 1375 2185 modestus,
1415 2136 1489 2189 qui
1527 2149 1583 2176 ne
1622 2138 1775 2189 postea

289 2212 479 2266 quidem,
508 2226 608 2253 cum
634 2213 721 2253 iam
750 2213 937 2253 maritus
961 2215 1076 2253 esset
1103 2211 1306 2266 Sulpiciae
1326 2215 1368 2253 et
1384 2211 1452 2254 die
1475 2212 1614 2254 natali
1633 2211 1775 2269 Genio

292 2289 565 2338 sacrificaret,
594 2290 646 2330 de
687 2303 835 2331 amore
864 2304 942 2331 suo
969 2290 1118 2343 palam
1144 2289 1267 2342 loqui
1294 2290 1459 2338 voluit;
1498 2290 1551 2330 cf.
1577 2289 1694 2329 infra
1718 2288 1776 2329 II.

292 2368 330 2415 2,
355 2368 524 2407 9—-112
559 2367 759 2407 «Adnuat
783 2365 986 2418 (Genius)
1013 2369 1066 2412 et,
1109 2365 1314 2414 Gornute,
1342 2366 1436 2414 tibi,
1472 2364 1775 2418 quodcumque

292 2443 481 2496 rogabis.
508 2442 576 2482 En
604 2456 695 2495 age,
724 2441 835 2498 quid
861 2446 1041 2484 cessas?
1066 2442 1234 2483 Adnuit
1259 2442 1361 2482 ille:
1401 2454 1519 2494 roga.
1559 2440 1775 2493 Auguror,

290 2520 440 2560 uxoris
464 2518 574 2560 fidos
602 2519 774 2572 optabis
802 2533 1017 2561 amores».
1048 2543 1106 2547 —
1131 2516 1326 2567 Natali&
1349 2517 1529 2565 Genius,
1549 2517 1622 2570 qui
1640 2516 1776 2557 etiam

293 2595 401 2637 deus
427 2595 596 2636 Natalis
622 2596 871 2644 vocabatur,
902 2599 951 2637 ut
976 2596 1092 2636 infra
1118 2595 1175 2636 ΙΙ.
1203 2596 1242 2644 2,
1287 2596 1324 2636 1.
1351 2596 1394 2636 et
1420 2595 1489 2636 21.
1515 2617 1573 2622 -—
1599 2591 1775 2642 Adnue,

293 2672 346 2714 de
373 2671 454 2713 deo
481 2673 594 2714 votis
619 2672 826 2725 propitio,
860 2675 910 2713 ut
935 2673 1052 2714 infra
1077 2672 1150 2713 IV.
1191 2673 1228 2721 6,
1273 2673 1350 2720 13;
1389 2671 1443 2712 II.
1473 2671 1512 2719 2,
1541 2671 1581 2711 9.
1610 2671 1652 2710 et
1682 2671 1776 2719 10.;
