1942 3132
327 234 398 270 208
886 251 942 281 AD
964 252 1013 280 H.
1038 250 1070 289 1,
1095 250 1260 280 61—-66,

327 367 399 410 nis
417 380 464 409 se
483 366 682 408 ornandi.
701 392 759 395 -——
777 367 982 423 antiquis
998 366 1218 422 imposuit
1233 365 1444 418 Laribus,
1467 369 1517 410 cf.
1538 368 1646 411 Hor.
1675 369 1816 414 Carm.

328 443 405 485 III.
449 444 517 493 23,
545 444 761 486 ·15—-16:
806 444 992 486 «Parvos
1029 446 1320 486 coronantem
1357 445 1531 487 marino
1565 445 1680 487 Rore
1713 446 1819 489 deos

328 521 401 571 (sc.
430 520 579 572 Lares)
606 521 838 575 fragilique
865 525 1051 575 myrto».

387 596 436 638 V.
467 597 653 639 61—-66.·
682 610 842 643 curam
869 597 1144 647 exambitum,
1164 600 1214 640 ut
1237 598 1420 640 dicitur:
1449 599 1581 641 alicui
1606 600 1816 652 laborem,

329 673 571 727 negotium,
600 674 852 719 molestiam
872 675 1088 717 exhibere.
1118 700 1174 702 —,
1203 673 1356 717 lucida
1378 708 1387 716 .
1412 707 1421 716 .
1447 707 1456 716 .
1487 675 1594 726 ovis,
1620 676 1817 726 candida,

329 751 379 791 ut
403 749 531 804 Prop.
559 750 636 793 III.
671 752 733 801 13,
766 752 966 793 29—30:
1006 764 1147 793 «nunc
1185 752 1322 792 mixta
1360 752 1523 793 referre
1548 752 1665 793 Lilia
1688 754 1821 807 virgi-

329 840 440 868 neos
465 826 613 868 lucida
643 841 722 881 per
748 827 1003 873 calathos,»;
1033 829 1082 868 cf.
1112 828 1230 869 infra
1254 828 1309 869 Π.
1340 829 1377 879 5,
1410 830 1489 870 38:
1530 829 1692 872 «niveae
1719 843 1820 873 can-

329 903 460 945 didus
498 917 639 957 agnus
678 904 814 946 ovis».
842 929 900 932 —
927 902 1048 946 Hinc
1089 906 1129 946 ei
1170 904 1394 958 femineus
1434 904 1564 948 labor
1605 908 1683 957 est,
1718 905 1824 949 hinc

323 993 473 1036 pensa
495 981 720 1036 colusque,
741 983 791 1022 ut
808 980 883 1023 Ov.
902 981 997 1022 Am.
1016 982 1049 1023 Ι.
1075 982 1136 1031 13,
1159 982 1333 1023 sse—29
1351 997 1360 1023 :
1394 981 1491 1032 «Tu,
1523 995 1623 1023 cum
1641 982 1822 1024 feminei

328 1058 506 1111 possint
543 1071 716 1100 cessare
753 1058 937 1108 labores,
979 1058 1222 1100 Lanificam
1260 1072 1441 1101 revocas
1481 1059 1535 1100 ad
1574 1073 1656 1101 sua
1682 1073 1821 1114 pensa

329 1147 555 1178 manum».
583 1160 642 1163 —
668 1134 821 1178 Fusus
848 1138 887 1178 et
906 1135 1109 1191 apposito
1130 1135 1298 1191 pollice
1323 1138 1477 1178 versat
1503 1148 1626 1191 opus,
1656 1137 1824 1179 femina

333 1212 482 1254 fusum
517 1212 677 1265 pollice
715 1212 932 1255 versando
970 1215 1048 1254 net
1084 1212 1236 1262 filum;
1279 1213 1331 1254 cf.
1375 1212 1449 1255 Ov,
1494 1212 1599 1254 Her.
1645 1214 1708 1264 19,
1740 1215 1821 1256 37:

337 1288 578 1342 «Tortaque
626 1293 802 1331 versato
853 1290 1067 1331 ducentes
1107 1290 1299 1331 stamina
1338 1290 1462 1331 fuso»
1521 1292 1563 1331 et
1600 1289 1704 1332 Met.
1748 1290 1820 1333 VI.

331 1367 413 1407 22:
447 1364 573 1408 «Sive
614 1366 702 1408 levi
728 1369 914 1408 teretem
950 1367 1156 1409 versabat
1194 1367 1356 1421 pollice
1395 1368 1586 1409 fusum».
1614 1392 1673 1396 —
1700 1366 1822 1410 adsi-

329 1440 431 1484 duoe
452 1474 462 1483 .
487 1474 496 1483 .
521 1474 531 1483 .
560 1443 749 1497 operata
775 1441 999 1492 Minervae,
1038 1442 1219 1484 adsidue
1247 1456 1425 1496 operam
1458 1444 1569 1485 dans
1607 1444 1706 1485 telae
1721 1459 1732 1494 ;
1759 1445 1811 1486 cf.

327 1516 402 1558 Ov.
431 1516 537 1559 Met.
565 1517 660 1560 VII.
691 1519 804 1560 746:
850 1518 1033 1559 «studiis
1061 1520 1242 1572 operata
1278 1519 1474 1560 Dianae».
1501 1544 1561 1548 -—
1587 1518 1810 1572 Minervae,

325 1606 406 1647 per
430 1594 751 1647 metonymiam
772 1607 852 1648 pro
879 1593 1072 1636 lanificio
1090 1595 1298 1636 universo
1323 1597 1366 1636 et
1381 1595 1601 1649 praecipue
1626 1609 1706 1650 pro
1722 1599 1815 1637 arte

326 1670 513 1723 texendi,
543 1673 592 1711 ut
620 1669 695 1712 Ov.
724 1669 827 1711 Met.
856 1670 926 1712 IV.
958 1671 1157 1712 33—35:
1202 1671 1546 1724 «Intempestiva
1585 1671 1816 1714 turbantes

328 1749 439 1790 festa
465 1747 667 1789 Minerva
691 1748 779 1789 Aut
805 1747 972 1788 ducunt
998 1748 1124 1789 lanas
1143 1750 1218 1788 aut
1236 1748 1428 1789 stamina
1453 1749 1614 1802 pollice
1639 1750 1819 1791 versant

327 1825 417 1866 Aut
443 1825 613 1866 haerent
637 1824 761 1865 telae»
783 1840 793 1874 ;
821 1824 947 1878 Prop.
967 1825 1021 1865 ΙΙ.
1052 1826 1089 1874 9,
1111 1827 1150 1866 5.
1180 1824 1231 1866 de
1257 1825 1503 1879 Penelope:
1538 1825 1818 1880 «coniugium

329 1902 442 1943 falsa
466 1903 641 1955 poterat
667 1901 839 1942 differre
867 1900 1110 1942 Minerva».
1139 1901 1277 1942 Erant
1296 1902 1415 1942 enim
1437 1902 1620 1942 feminei
1644 1901 1818 1943 labores

328 1979 375 2020 in
415 1979 554 2020 tutela
593 1978 817 2026 Παλλάδος
841 1977 1061 2035 Ἐργάνης.
1087 2003 1145 2006 —
1173 1976 1340 2020 Can-tat
1382 1980 1421 2020 et
1463 1977 1686 2032 applauso
1728 1978 1820 2020 tela

329 2059 461 2098 sonat
490 2057 639 2106 latere,
670 2059 801 2109 poeta
834 2058 937 2097 ante
979 2055 1130 2096 oculos
1169 2054 1327 2095 habuit
1351 2054 1477 2108 Vei-g.
1508 2053 1583 2097 Ge.
1611 2055 1644 2096 I.
1674 2056 1819 2096 ,0293—

330 2133 442 2175 294:
477 2133 674 2174 «Interea
700 2133 885 2186 longum
909 2134 1043 2172 cantu
1065 2131 1208 2172 solata
1224 2131 1421 2172 laborem
1444 2131 1609 2185 Arguto
1628 2131 1821 2172 coniunx

327 2210 546 2262 percurrit
570 2193 745 2262 pectine
772 2209 925 2250 telas».
954 2233 1012 2236 -κ
1039 2207 1264 2262 applauso
1283 2207 1373 2250 tela
1399 2209 1533 2250 sonat
1562 2207 1709 2258 latere,
1729 2210 1819 2249 tex-

329 2290 424 2327 tum
453 2288 594 2336 sonat,
624 2299 724 2327 cum
746 2286 951 2338 pulsatur
976 2285 1151 2338 pectine
1174 2285 1362 2326 textorio
1389 2284 1657 2337 (Hungarice
1684 2283 1816 2335 cse've,

332 2362 594 2404 Germanice
631 2362 971 2413 Weberlca‘mm.)
996 2362 1235 2415 Postquam
1259 2361 1378 2402 enim
1397 2361 1629 2402 subtemen
1655 2360 1817 2414 (Hung.

332 2438 540 2494 be'lfondl,
573 2438 717 2480 Germ.
760 2437 1028 2493 Einschlay)
1054 2451 1137 2491 ope
1164 2437 1275 2478 radii
1301 2437 1463 2490 (Hung.
1492 2434 1642 2486 υθιέίὄ,
1671 2435 1816 2478 Germ.

341 2513 759 2570 PVcberschiffchen)
795 2530 874 2569 per
913 2516 1106 2557 stamina
1130 2516 1180 2556 in
1204 2519 1507 2557 transversum
1533 2515 1714 2556 ductum
1739 2516 1816 2564 est,

330 2595 522 2634 textores
550 2591 683 2632 telam
712 2592 886 2644 pectine
914 2592 1080 2633 feriunt
1107 2592 1198 2634 sive
1223 2591 1488 2645 percutiunt,
1516 2593 1566 2632 ut
1592 2590 1819 2641 densetur;
1902 2628 1905 2629 γ

331 2670 383 2710 cf.
426 2668 500 2710 Ov.
541 2667 644 2709 Met.
674 2668 744 2708 VI.
790 2670 991 2710 55—58:
1037 2669 1164 2709 «Tela
1203 2669 1307 2722 iugo
1343 2668 1491 2710 vincta
1530 2669 1604 2716 est,
1647 2667 1821 2708 stamen

333 2745 523 2787 secernit
550 2745 729 2794 arund0‚
770 2745 986 2786 Inseritur
1024 2745 1219 2786 medium
1245 2744 1380 2786 radiis
1407 2744 1640 2786 subtemen
1666 2743 1818 2795 acutis,
