1942 3132
829 209 860 238 1.
887 207 923 238 ὃ.

241 323 530 378 Magnificum
556 328 660 379 post
685 325 789 376 haec,
819 325 1000 369 horrida
1025 328 1160 370 verba
1185 328 1329 372 doma.

180 400 315 444 Parce
342 404 507 452 tamen,
536 415 618 456 per
642 404 686 444 te
714 402 867 445 furtivi
893 402 1061 446 foedera
1087 405 1203 456 lecti,

239 479 323 522 Per
347 479 568 523 Venerem
594 495 743 537 quaeso
769 483 1157 539 compositumque
1183 487 1328 539 caput.

180 556 262 599 Ille
289 570 383 611 ego,
413 571 515 600 cum
541 558 660 602 tristi
684 558 841 601 morbo
869 559 1044 602 defessa
1069 561 1249 611 iaceres,

239 633 298 676 Te
325 634 448 677 dicor
472 636 590 679 votis
615 636 833 691 eripuisse
859 638 998 680 meis:

178 712 368 768 Ipseque
394 717 438 755 te
465 714 631 757 circum
657 715 845 757 lustravi
873 716 1042 758 sulfure
1068 730 1196 771 puro,

240 789 449 833 Carmine
475 805 578 834 cum
603 793 778 847 magico
804 793 1116 847 praecinuisset
1141 807 1280 836 anus:

177 866 280 922 Ipse
305 869 552 922 procuravi,
579 882 638 911 ne
661 871 851 924 possent
877 883 993 912 saeva
1017 883 1180 913 nocere

240 942 436 995 Somnia,
464 949 533 988 ter
558 948 713 989 sancta
738 946 1050 990 deveneranda
1075 948 1222 990 mola:

178 1020 279 1075 Ipse
307 1034 388 1076 ego
414 1023 587 1065 velatus
611 1022 689 1066 filo
717 1024 970 1079 tunicisque
999 1025 1160 1068 solutis

237 1098 352 1140 Vota
375 1112 539 1142 novem
565 1099 723 1142 'I'riviae
750 1105 881 1143 nocte
909 1102 1071 1144 silente
1097 1101 1212 1145 dedi.

179 1173 342 1217 Omnia
366 1177 587 1230 persolvi:
614 1177 780 1223 fruitur
804 1191 924 1220 nunc
951 1179 1066 1221 alter
1090 1192 1254 1227 amore,
1324 1205 1327 1208 ·

236 1252 293 1294 Et
318 1253 525 1306 precibus
551 1254 658 1296 felix
682 1255 826 1297 utitur
849 1255 927 1298 ille
954 1256 1080 1298 meis.

176 1329 234 1371 At
258 1330 370 1372 mihi
397 1331 573 1373 felicem
598 1332 753 1381 vitam,
784 1332 823 1374 si
849 1332 973 1374 salva
998 1331 1174 1382 fuisses,

235 1406 482 1462 Fingebam
508 1407 707 1455 demens.
737 1408 814 1451 sed
839 1412 1058 1451 renuente
1085 1409 1181 1452 deo.

175 1483 297 1526 Rura
321 1485 479 1534 colam,
508 1486 773 1540 frugumque
801 1486 944 1528 aderit
968 1472 1070 1529 mea
1094 1487 1225 1530 Delia
1251 1491 1416 1540 custos,

213 1555 349 1604 ‘Area
373 1561 480 1604 dum
506 1553 675 1605 messes
702 1563 796 1605 sole
823 1563 997 1605 calente
1022 1567 1151 1615 teret,

174 1638 263 1680 Aut
287 1639 402 1681 mihi
427 1639 622 1681 servabit
646 1639 796 1694 plenis
823 1639 872 1681 in
897 1640 1110 1684 lintribus
1136 1655 1247 1684 uvas

233 1715 477 1771 Pressaque
503 1716 644 1759 veloci
673 1715 865 1758 candida
890 1720 1041 1759 musta
1065 1718 1191 1773 pede.

175 1791 448 1835 Consuescet
472 1807 708 1835 numerare
734 1807 884 1847 pecus,
913 1799 1177 1838 consuescet
1202 1799 1396 1839 amantis

237 1868 452 1911 Garrulus
477 1870 527 1911 in
552 1869 747 1911 dominae
774 1870 932 1912 ludere
958 1885 1097 1913 verna
1123 1874 1239 1914 sInu.

175 1946 260 1988 Illa
285 1945 366 1988 deo
395 1947 505 1987 sciet
530 1946 734 2000 agricolae
760 1960 841 2001 pro
868 1948 1034 1990 vitibus
1060 1963 1206 2001 uvam,

233 2025 318 2066 Pro
345 2027 493 2079 segete
519 2025 677 2079 spicas,
704 2039 785 2079 pro
812 2039 945 2081 grege
971 2027 1086 2068 ferre
1113 2027 1285 2082 dapem.

174 2102 259 2144 Illa
285 2105 409 2157 regat
434 2106 631 2152 cunctos,
659 2103 727 2145 illi
755 2104 846 2146 sint
872 2106 1025 2147 omnia
1050 2119 1191 2147 curae:

233 2180 289 2221 At
315 2180 438 2222 iuvet
463 2181 510 2222 in
538 2183 633 2222 tota
659 2194 731 2222 me
758 2181 874 2223 nihil
901 2195 997 2224 esse
1025 2182 1171 2225 domo.

173 2256 274 2298 Hu'c
299 2257 449 2299 veniet
473 2256 687 2299 Messalla
713 2271 852 2308 meus,
882 2259 951 2300 cui
979 2258 1128 2301 dulcia
1151 2273 1288 2314 poma

233 2334 363 2376 Delia
389 2335 565 2376 selectis
593 2334 799 2377 detrahat
823 2334 1066 2386 arboribus,

173 2411 242 2462 Et,
270 2415 447 2454 tantum
474 2414 683 2453 venerata
710 2412 869 2461 virum,
898 2416 1004 2455 tunc
1031 2413 1188 2455 sedula
1214 2417 1348 2465 curet,

233 2489 356 2532 Tunc
380 2493 509 2545 paret
535 2493 666 2544 atque
694 2490 851 2544 epulas
877 2491 975 2544 ipsa
999 2490 1207 2533 ministra
1232 2495 1367 2546 gerat.

173 2566 281 2608 Haec
305 2567 420 2609 mihi
445 2566 680 2620 fingebam,
711 2580 806 2622 quse
833 2580 953 2609 nunc
981 2581 1202 2622 eurusque
1228 2571 1450 2622 notusque

232 2644 374 2686 Iactat
399 2644 607 2687 odoratos
632 2645 736 2685 vota
760 2657 840 2698 per
863 2644 1113 2687 Armenios.

175 2719 299 2775 Saepe
326 2735 407 2776 ego
433 2722 648 2775 temptavi
676 2735 804 2764 curas
829 2721 1054 2777 depellere
1080 2724 1199 2774 vino,

1585 199 1634 235 27

1666 660 1709 684 10

1665 1047 1708 1071 1⁶

1661 1433 1708 1459 20

1660 1820 1705 1844 25

1658 2206 1705 2232 80

1655 2592 1701 2616 85-
