1942 3132
253 247 318 279 166
819 262 874 290 AD
895 263 925 290 1.
950 261 982 298 a,
1009 260 1172 290 79—86.

250 375 343 418 ficis
383 377 590 430 operibus
627 378 786 431 picto».
815 378 867 419 In
906 379 1112 432 stragulis
1151 378 1429 420 dormiebant
1466 379 1663 432 antiqui;
1690 380 1741 421 cf.

250 453 357 494 Hor.
389 452 475 495 Sat.
510 454 564 494 II.
597 455 632 503 3,
667 455 923 496 117——119:
958 455 1019 495 «si
1047 457 1089 495 et
1128 455 1382 495 stramentis
1420 454 1599 496 incubet
1625 455 1744 498 unde

252 529 487 582 Octoginta
525 544 666 571 annos
704 533 847 580 natus,
889 531 958 572 cui
999 531 1194 583 stragula
1232 531 1379 580 vestis,
1420 530 1667 573 Blattarum
1694 545 1746 573 ac

250 607 470 648 tinearum
501 607 653 660 epulae,
682 609 907 660 putrescat
931 608 979 648 in
1005 621 1146 648 arca».
1175 632 1232 634 ⁷—
1259 607 1436 650 sonitus
1456 607 1657 662 placidae
1675 641 1710 650 ..
1732 640 1744 650 .

252 696 398 739 aquoe,
425 684 593 724 silanos
619 683 840 737 intellege,
871 697 980 738 quos
1006 684 1054 724 in
1081 683 1294 724 cubiculis
1327 683 1550 725 habebant
1586 685 1747 728 divites

249 760 440 800 Romani
457 774 466 808 ;
506 761 558 800 cf.
588 759 700 801 Cels.
729 759 843 801 Med.
872 760 948 801 ΠΙ.
983 761 1060 801 18:
1094 760 1298 801 «Confert
1337 761 1470 801 etiam
1497 761 1663 814 aliquid
1690 761 1746 803 ad

253 850 459 878 somnum
487 837 657 877 silanus
683 836 805 877 iuxta
830 836 1030 881 accidens
1041 851 1075 885 »;
1104 836 1253 878 Senec.
1282 837 1360 890 Ep.
1396 838 1489 887 100,
1520 838 1572 879 6:
1596 837 1747 880 «Desit

253 927 358 955 sane
385 947 393 954 .
423 946 432 954 .
462 946 470 954 .
500 914 731 954 concisura
759 927 972 967 aquarum
999 913 1213 954 cubiculis
1240 913 1594 955 interfluentium
1613 947 1622 956 .
1642 948 1651 956 .
1671 948 1680 956 .
1702 917 1748 957 et

252 990 466 1045 quidquid
492 990 613 1031 aliud
633 990 807 1031 luxuria
824 1004 916 1032 non
938 993 1148 1032 contenta
1165 990 1319 1032 decore
1338 991 1529 1044 simplici
1546 992 1744 1034 miscet».

252 1066 405 1108 Simile
435 1070 502 1108 est
527 1067 645 1120 apud
670 1066 777 1108 Hor.
806 1067 944 1120 Epod.
965 1068 1002 1116 2,
1024 1068 1224 1108 27*28:
1250 1067 1525 1120 «Fontesque
1551 1067 1747 1121 lymphis

251 1142 514 1197 obstrepunt
559 1143 856 1193 manantibus,
903 1142 1091 1186 Somnos
1134 1143 1251 1197 quod
1290 1143 1448 1184 invitet
1493 1144 1654 1185 leves».
1688 1168 1747 1172 ——

252 1219 426 1271 ducere,
465 1220 694 1270 adducere,
736 1222 785 1260 ut
826 1220 932 1261 Hor.
972 1220 1109 1273 Epod.
1143 1222 1206 1270 14,
1238 1221 1288 1261 3:
1318 1221 1505 1274 «pocula
1542 1220 1748 1262 Lethaeos

250 1297 460 1338 ducentia
500 1310 705 1338 somnos»
739 1300 781 1338 et
806 1297 884 1350 Ep.
913 1297 945 1337 I.
975 1298 1012 1346 2,
1041 1297 1120 1338 31:
1155 1298 1397 1338 «cessatum
1437 1296 1591 1338 ducere
1630 1309 1746 1337 som—

249 1387 384 1414 num»
417 1376 460 1415 et
486 1367 627 1416 Carmss
656 1374 733 1414 III.
768 1375 800 1423 1,
828 1374 879 1415 '21
904 1390 912 1415 :
947 1387 1179 1415 «somnum
1205 1373 1454 1415 reducent».

309 1450 358 1492 V.
386 1452 576 1492 79—82.
621 1451 766 1505 impia
810 1437 982 1505 linqua,
1020 1452 1069 1491 ut
1110 1463 1245 1503 supra
1269 1450 1303 1490 1.
1332 1451 1369 1499 3,
1399 1451 1481 1491 52:
1516 1449 1656 1491 «dicta
1698 1451 1745 1492 in

252 1531 428 1569 sanctos
466 1528 605 1581 impia
630 1527 763 1569 verba
801 1527 932 1568 deos»
966 1530 1008 1569 et
1046 1527 1181 1581 Lygd.
1211 1529 1248 1577 5,
1283 1529 1361 1569 14:
1395 1527 1561 1581 «Impia
1586 1527 1633 1568 in
1672 1527 1745 1569 ad-

250 1617 400 1646 versos
440 1605 653 1646 solvimus
692 1618 768 1645 ora
806 1604 954 1646 deos».
982 1629 1040 1632 —
1066 1605 1281 1658 incestus,
1319 1605 1505 1646 scelesto
1545 1605 1744 1654 consilio,

252 1682 517 1735 sacrilegus;
556 1682 701 1735 agitur
741 1682 859 1722 enim
898 1681 950 1722 de
989 1684 1118 1735 raptu
1157 1684 1376 1723 sertorum
1415 1694 1665 1730 sacrorum;
1693 1681 1744 1722 cf.

250 1758 357 1799 Hor.
388 1757 531 1800 Carm.
559 1758 636 1799 ΙΙΙ.
667 1759 704 1808 2,
735 1759 935 1800 29-—322
969 1771 1108 1812 «saepe
1134 1758 1367 1812 Diespiter,
1396 1758 1631 1811 Neglectus
1667 1758 1746 1801 in-

253 1837 370 1878 cesto
398 1835 567 1876 addidit
591 1836 839 1889 integrum;
867 1836 982 1877 Raro
1025 1835 1360 1877 antecedentem
1399 1834 1638 1877 scelestum
1661 1834 1746 1876 De-

253 1913 391 1954 seruit
415 1912 525 1966 pede
552 1912 688 1953 Poena
705 1912 905 1954 claudo».
921 1937 979 1940 m·-
995 1910 1216 1969 Sertaque
1233 1911 1287 1954 de
1305 1911 1476 1954 sanctis
1495 1910 1747 1967 dm'ipuisse

250 1989 381 2046 focis,
407 1992 457 2031 ut
481 1989 599 2030 infra
623 1989 678 2031 ΙΙ.
706 1990 746 2039 4,
777 1991 858 2031 23:
892 1989 1002 2031 «Aut
1042 1990 1212 2043 rapiam
1252 2002 1469 2043 suspensa
1508 1988 1642 2030 sacris
1677 1988 1747 2030 in-

253 2065 397 2119 signia
437 2066 564 2107 fanis.
611 2064 696 2107 Sed
722 2066 871 2107 Venus
912 2068 1014 2107 ante
1053 2066 1165 2107 alios
1193 2068 1259 2107 est
1284 2065 1493 2107 violanda
1518 2065 1705 2106 mihi..
1733 2097 1744 2106 .

252 2142 501 2198 sacrileyas
526 2144 691 2185 sentiat
716 2143 793 2184 illa
817 2156 1001 2184 manus»

311 2219 359 2261 V.
390 2220 454 2261 83-
457 2221 577 2261 -.86
606 2218 712 2262 Non
752 2231 847 2274 690,
889 2220 930 2262 si
971 2219 1133 2275 merui,
1175 2219 1375 2262 dubitem
1401 2222 1494 2269 etc„
1524 2219 1669 2273 agitur
1693 2174 1746 2260 de

252 2295 410 2336 ritibus
450 2296 782 2349 superstitiosis,
813 2295 972 2350 quibus
997 2299 1250 2351 peccatores
1292 2296 1398 2338 deos
1429 2296 1602 2350 placare
1627 2295 1746 2336 vole-

251 2372 372 2413 bant.
401 2397 458 2400 ἡ
484 2373 647 2427 merui,
672 2374 720 2414 in
746 2374 911 2415 malam
937 2377 1135 2428 partem:
1174 2374 1352 2428 peccavi
1367 2388 1378 2423 ;
1405 2374 1456 2414 cf.
1485 2373 1584 2415 adn.
1613 2382 1748 2425 supra

253 2443 308 2490 ad
332 2449 365 2490 I.
399 2450 463 2499 10,
493 2451 546 2491 5:
580 2450 671 2491 «An
710 2451 826 2492 nihil
865 2451 941 2492 ille
979 2451 1116 2492 miser
1139 2451 1344 2492 meruit».
1373 2475 1431 2478 —
1450 2447 1748 2504 procumbere

253 2525 446 2580 templiS,
477 2526 677 2568 dativus:
720 2527 775 2568 ad
812 2528 992 2581 templa,
1020 2528 1047 2569 i.
1077 2541 1111 2569 e.
1153 2529 1256 2569 ante
1297 2528 1412 2568 fores
1452 2524 1607 2579 templi
1647 2537 1746 2578 pro-

255 2602 431 2653 cumbit,
460 2604 510 2644 ut
535 2603 693 2643 limina
720 2605 969 2653 osculetur3
996 2605 1048 2645 cf.
1078 2603 1240 2658 Sulpic.
1265 2603 1354 2645 Sat.
1377 2604 1428 2645 17
1445 2618 1455 2644 :
1476 2600 1746 2644 «Glandibus

256 2682 300 2722 et
324 2693 445 2734 purae
470 2692 625 2721 rursus
651 2681 938 2732 procumbere
965 2681 1183 2734 lymphae»
1216 2683 1259 2722 et
1284 2679 1360 2722 Ov.
1387 2679 1452 2720 Ex
1475 2678 1600 2720 Pont.
1627 2678 1682 2719 H.
1703 2679 1741 2729 2,

260 2758 366 2799 124:
400 2756 511 2798 «Nec
550 2756 656 2798 licet
697 2760 799 2797 ante
840 2758 961 2810 ipsos
1003 2759 1291 2812 procubuisse
1331 2757 1481 2804 deos»;
1507 2754 1634 2809 Prop.
1663 2754 1742 2797 III.
