1942 3132
743 224 802 254 u>
820 224 853 254 1.
875 221 913 263 ς,
935 220 1103 252 29—32.
1612 206 1680 243 159

171 346 260 386 stat
285 343 341 386 ab
383 343 595 386 omnibus
624 341 850 399 perieulis.
876 365 930 370 —
960 339 1172 385 tenebris.
1213 339 1310 381 sine
1348 340 1679 394 praepositione,

171 423 223 463 ut
258 421 377 463 infra
413 421 447 463 Ι.
473 422 512 469 6,
542 420 616 463 57.
652 421 697 461 et
732 417 790 461 II.
822 418 858 468 1,
888 417 958 459 76.
988 419 1032 458 et
1057 415 1134 458 Ov.
1162 416 1262 459 Am.
1287 416 1321 458 L
1351 417 1391 461 6.
1425 418 1491 458 10.
1520 442 1563 445 —---
1603 416 1682 473 qui

172 487 366 553 corpora
404 498 527 554 ferro
562 495 785 543 Vulneret,
825 507 884 536 se.
926 492 1076 548 praedo
1116 492 1323 547 quidam;
1344 493 1415 534 ef.
1444 492 1575 547 Prop.
1601 492 1679 535 HL

179 574 245 623 16,
280 576 478 617 11“ῙΞ;
510 573 623 615 «Neo
659 574 814 615 tamen
851 573 920 613 est
957 570 1399 625 quisquam,-saeroe
1437 571 1512 624 qui
1549 570 1684 612 laedat

176 654 392 697 amantes,
421 650 619 694 Scironis
643 649 791 693 media
816 648 879 691 sie
915 648 1022 690 licet
1059 647 1124 689 ire
1148 647 1268 697 via»;
1307 646 1455 688 locum
1482 647 1685 688 imitatur

174 727 285 781 eleg.
311 727 345 770 Ι.
372 727 425 770 de
464 727 590 770 obitu
626 725 750 769 Maec.
778 726 956 769 29—30
981 724 1234 777 (Baehrensz
1262 723 1394 766 PLM.
1422 724 1455 766 I.
1483 738 1525 779 p.
1560 726 1684 776 130):

181 805 349 847 «Nocte
375 804 458 847 sub
484 804 674 847 obscura
697 803 797 858 quis
822 805 867 844 te
892 802 1079 844 violavit
1105 805 1367 845 amantem?
1391 801 1501 854 Quis
1538 803 1687 857 tetigit

179 884 308 928 ferro.
338 882 491 924 durior
526 882 637 936 ipse,
676 880 850 923 latus?»
880 905 940 909 —
958 879 1193 936 praemia.
1226 914 1235 922 .
1264 913 1273 921 .
1296 880 1438 934 petat,
1471 879 1682 932 praedam,

178 963 229 1002 ut
254 960 382 1014 Prop.
410 959 490 1002 IH.
523 960 588 1009 13,
615 958 687 1001 46.
716 958 770 1000 de
796 960 1035 1000 venatore:
1067 955 1195 999 «Sive
1220 957 1338 1011 petis
1364 956 1536 999 calamo
1573 970 1684 1012 prae-

177 1037 269 1079 mia
316 1038 408 1079 sive
453 1049 605 1078 cane».
644 1035 823 1078 Naevius
861 1033 986 1078 Gom.
1023 1048 1087 1077 vs.
1134 1035 1183 1076 17
1224 1033 1289 1076 ed.
1317 1033 1514 1077 Ribbeck
1552 1035 1687 1089 (apud

177 1114 288 1156 Non.
317 1128 352 1156 c.
386 1115 481 1164 150,
510 1114 583 1165 22)
605 1112 950 1169 praemiatorem
971 1113 1249 1154 nocturnum
1270 1114 1401 1154 vocat
1414 1112 1685 1167 praedonem,

183 1192 260 1246 qui
285 1190 464 1234 insidiis
499 1191 734 1234 nocturnis
758 1188 955 1244 praedam
981 1189 1151 1244 quaerit.
1179 1213 1239 1217 —
1269 1187 1492 1245 Quisquis
1530 1202 1689 1232 amore

181 1271 370 1318 tenetur,
419 1271 491 1313 eat
536 1269 750 1324 tutusque
796 1278 1015 1322 sacerque
1052 1264 1306 1318 Qualibet:
1350 1264 1549 1309 insidias
1594 1279 1689 1310 non

184 1347 390 1391 timuisse
414 1345 551 1400 decet,
577 1345 732 1388 eadem
758 1345 984 1387 sententia
1010 1343 1129 1399 apud
1149 1343 1279 1398 Prop.
1298 1344 1377 1386 HJ.
1402 1346 1467 1395 16,
1493 1345 1688 1387 13—14:

190 1424 427 1478 «Quisquis
453 1427 629 1466 amator
653 1423 749 1472 erit,
779 1420 998 1476 Scythicis
1024 1422 1131 1463 licet
1168 1421 1367 1464 ambulet
1404 1422 1520 1464 oris:
1548 1422 1689 1465 Nemo

181 1501 304 1551 adeo,
327 1504 379 1543 ut
402 1503 574 1549 noceat,
603 1499 819 1542 barbarus
845 1512 942 1541 esse
966 1499 1118 1542 velit».
1137 1524 1196 1528 —
1222 1511 1454 1557 sacerque.
1483 1503 1534 1541 ut
1559 1499 1688 1555 Prop.

179 1577 259 1624 ΙΠ.
291 1579 357 1628 16,
390 1579 469 1620 11:
501 1589 675 1619 «sacros
702 1579 947 1619 amantes».
974 1575 1210 1619 Amatores
1249 1576 1363 1619 sacri
1390 1576 1688 1630 appellantur,

181 1655 286 1709 quia
310 1654 499 1696 Veneris
523 1654 572 1695 in
597 1654 741 1696 tutela
766 1657 883 1696 sunt.

242 1731 292 1774 V.
322 1733 511 1774 29—32.
531 1729 635 1774 Non
665 1730 780 1774 mihi
803 1730 942 1788 pigra
966 1733 1131 1774 nocent
1156 1730 1359 1775 hibernae
1383 1731 1564 1788 friqora
1579 1743 1691 1774 noc-

187 1808 258 1857 tis,
286 1806 393 1852 Non
416 1807 547 1860 mihi,
574 1821 680 1851 cum
705 1808 856 1852 multa
882 1808 1049 1852 decidit
1073 1808 1221 1852 imber
1247 1821 1384 1864 aqua,
1412 1812 1463 1851 ut
1488 1809 1566 1851 Ov.
1594 1810 1690 1850 Am.

186 1885 219 1927 L
248 1886 288 1930 9.
328 1886 526 1927 15—16:
560 1884 695 1936 «Quis
731 1885 820 1927 nisi
858 1885 930 1927 vel
969 1885 1100 1928 miles
1138 1885 1209 1927 vel
1248 1899 1404 1927 amans
1445 1889 1490 1926 et
1528 1885 1694 1940 frigora

188 1962 334 2004 noctis
359 1962 416 2003 Et
441 1961 582 2004 denso
607 1962 770 2004 mixtas
795 1963 988 2017 perferet
1012 1962 1155 2004 imbre
1181 1963 1308 2006 nives
1321 1966 1365 2005 2²»
1387 1987 1444 1991 -
1462 1963 1604 2019 piyra
1622 1997 1631 2004 .
1650 1995 1661 2005 .
1680 1995 1691 2005 .

193 2039 393 2083 hibernae
430 2039 610 2096 fri-qora
646 2039 801 2090 noctis,
829 2040 934 2094 quia
972 2046 1134 2094 eorpus
1172 2039 1334 2093 frigore
1374 2041 1612 2094 torpescit;
1639 2041 1692 2083 ef.

188 2116 265 2159 Ov.
303 2118 401 2159 Am.
443 2116 522 2158 HL
566 2118 607 2166 6,
649 2117 733 2159 94:
778 2116 923 2169 uQuas
963 2116 1046 2159 tibi
1088 2115 1265 2159 divitias
1303 2118 1430 2172 pigra
1467 2118 1696 2160 ministrat

189 2195 378 2244 hiems»;
404 2194 531 2249 Verg.
562 2193 639 2236 Ge.
667 2193 740 2236 IV.
784 2195 885 2236 259.
928 2194 981 2236 de
1023 2194 1208 2248 apibus:
1240 2198 1491 2237 «contracto
1533 2196 1694 2249 frigore

188 2272 368 2326 pigrae»;
409 2270 560 2314 Senec.
599 2270 666 2313 De
704 2271 771 2313 ira
802 2270 856 2314 11.
890 2273 955 2320 19,
984 2274 1036 2315 2:
1069 2272 1242 2325 «frigidi
1281 2272 1474 2313 mixtura
1511 2271 1696 2314 timidos

191 2349 306 2393 facit.
347 2348 525 2402 pigrum
563 2351 630 2390 est
667 2348 789 2390 enim
826 2351 1192 2403 contractumque
1230 2349 1412 2403 frigus».
1452 2374 1510 2378 -—
1546 2350 1697 2393 multa

189 2423 354 2469 decidit
379 2423 527 2467 imber
552 2437 689 2481 aqua,
717 2428 767 2467 ut
792 2424 869 2467 Ov.
887 2425 1006 2468 Fast.
1035 2426 1090 2468 H.
1118 2426 1233 2468 494:
1265 2425 1346 2467 «Et
1370 2426 1517 2479 gravis
1543 2425 1695 2468 effusis

192 2501 356 2545 decidit
393 2502 536 2543 imber
573 2502 744 2556 aquis».
778 2500 843 2544 Cf.
882 2501 990 2544 Hor.
1031 2501 1175 2545 Carm.
1216 2502 1294 2544 HI.
1329 2503 1393 2549 10,
1428 2503 1612 2545 19—20.
1641 2502 1696 2544 de

192 2592 240 2621 se
265 2584 367 2622 ante
396 2579 512 2621 fores
540 2579 693 2620 amicae
721 2582 893 2621 stante:
926 2579 1051 2622 «Non
1078 2580 1163 2622 hoc
1201 2593 1376 2634 semper
1403 2580 1488 2622 erit
1524 2580 1697 2621 liminis

193 2659 271 2699 aut
306 2670 431 2712 aquae
470 2655 670 2698 Caelestis
707 2657 886 2710 patiens
924 2657 1065 2699 latus»
1099 2663 1142 2698 et
1174 2656 1251 2699 Ov.
1278 2657 1327 2699 A.
1351 2658 1400 2699 A.
1429 2658 1483 2698 II.
1515 2658 1613 2699 237.
1642 2656 1695 2697 de

194 2736 417 2776 amatore:
450 2732 599 2786 «Saepe
639 2734 753 2775 feres
791 2733 979 2776 imbrem
1016 2734 1182 2776 eaelesti
1219 2734 1337 2777 nube
1372 2734 1608 2776 solutum».
1643 2757 1697 2761 —-
