1942 3132
279 211 348 245 '10¹2
839 221 897 252 An
916 223 947 252 Ι,
973 221 1028 260 10,
1055 221 1218 252 19-2—28.

280 343 386 383 Aen.
414 341 495 383 IV:
517 343 573 383 73
590 357 605 383 :>
632 341 794 382 «haeret
823 341 953 382 lateri
978 340 1125 382 letalis
1163 338 1406 381 harundel»
1438 350 1497 368 '—
1518 338 1666 395 patrii,
1692 370 1710 382 .,
1730 374 1739 382 .
1769 373 1779 383 .

282 417 440 471 Lares,
468 431 493 458 a
518 417 720 472 patribus
747 417 924 470 accepti,
954 418 1004 458 ut
1029 416 1083 457 ΙΙ.
1118 418 1154 466 1,
1186 417 1264 458 17:
1298 415 1366 456 «di
1393 416 1548 469 patrii»
1580 417 1623 468 (i.
1643 430 1679 458 e.
1696 416 1781 458 'La—

272 497 368 547 res)
406 497 449 536 et
483 495 516 537 I.
560 497 597 545 3,
640 496 722 536 33:
755 494 948 548 «patrios
985 494 1215 535 Penates».
1244 517 1301 520 —
1346 493 1531 536 aluistis
1570 491 1785 548 etidem,

280 572 407 626 pueri
433 572 559 625 parvi
585 572 634 612 in
659 572 799 613 tutela
825 570 990 612 Larum
1017 572 1154 619 erant,
1176 583 1310 623 quare
1329 571 1508 623 sumpta
1532 559 1653 611 virili
1679 573 1785 625 toga

281 648 728 702 bullam'depositam
752 648 821 689 iis
860 648 1117 696 sacrabant3
1158 649 1209 688 cf.
1238 647 1354 688 Pers.
1384 646 1473 689 Sat.
1502 647 1551 689 V.
1582 650 1784 691 30—31:

288 724 424 766 «Cum
449 725 646 778 primum
670 724 831 778 pavido
858 726 1006 766 custos
1034 724 1145 764 mihi
1184 737 1382 777 purpura
1408 725 1540 766 cessit
1564 725 1783 779 Bullaque

279 803 520 845 succinctis
536 802 726 844 Laribus
744 802 906 843 donata
929 802 1143 855 pependit
1151 807 1183 842 »ζ
1201 826 1259 829 —
1272 800 1410 855 idem,
1429 815 1536 855 pro:
1563 801 1786 844 iidem:—

282 878 384 923 Neu
414 877 591 934 pudeat
620 882 776 933 prisco
815 889 892 920 vos
930 890 1025 920 esse
1063 891 1084 920 e
1123 878 1274 933 stipite
1302 878 1471 933 factos,
1499 881 1629 919 erant
1651 878 1787 932 igitur

274 957 521 998 simulacra
546 955 708 1008 lignea,
736 967 837 996 cum
864 954 940 995 alii
967 954 1103 995 Lares
1142 967 1299 996 aureos
1339 957 1416 996 aut
1447 957 1681 1012 argenteos
1707 955 1784 996 ha-

274 1035 464 1083 herent:
491 1034 545 1075 cf.v
573 1033 747 1074 Petron.
779 1033 861 1074 29:
895 1032 1056 1073 «Lares
1082 1032 1323 1084 argentei».
1343 1056 1402 1060 -—-
1418 1032 1604 1075 veteris.
1627 1065 1635 1074 .
1656 1065 1666 1074 .
1696 1032 1786 1087 aei,

282 1114 332 1153 ut
357 1111 390 1153 Ι.
425 1112 461 1160 1,
488 1110 573 1152 41;
607 1109 815 1163 «antiquo
845 1122 953 1150 avo»
984 1110 1028 1149 et
1052 1109 1108 1150 II.
1143 1110 1177 1158 1,
1207 1110 1259 1150 2:
1294 1122 1343 1149 «a
1363 1109 1520 1162 prisco*
1538 1123 1663 1151 avo».

225 1174 228 1177 ’
312 1209 314 1211 ·
342 1188 391 1229 V.
426 1187 609 1229 19—24.
640 1189 821 1227 tenuere
847 1183 995 1240 fidem,
1026 1197 1082 1226 sc.
1107 1186 1325 1227 homines.
1346 1197 1621 1241 —paupere
1647 1185 1784 1238 cultu,

284 1264 387 1318 quia
415 1263 652 1305 simulacra
678 1261 845 1302 Larum
871 1274 964 1302 non
993 1264 1119 1302 erant
1157 1262 1273 1302 facta
1300 1275 1351 1301 ex
1376 1262 1573 1315 pretiosa
1598 1263 1787 1304 materia

283 1354 427 1394 neque
466 1340 600 1381 rebus
639 1338 847 1392 pretiosis
889 1338 1176 1380 ornabantur.
1205 1363 1263 1367 ——
1288 1339 1339 1381 in
1364 1339 1536 1396 exiyua
1563 1372 1572 1382 .
1603 1374 1611 1382 .
1641 1373 1650 1381 .
1678 1339 1789 1392 aede,

283 1419 331 1460 in
357 1417 544 1459 aedic'ula
570 1417 750 1464 Larum,
781 1429 876 1469 quae
904 1417 981 1456 aut
1017 1416 1065 1456 in
1092 1429 1198 1457 cavo
1224 1417 1408 1469 parietis
1436 1420 1531 1458 erat
1556 1424 1697 1471 supra
1723 1419 1786 1458 fo·

284 1508 385 1536 cum
428 1496 505 1535 aut
531 1494 579 1535 in
612 1493 803 1534 armario
847 1493 1065 1546 quodam;
1108 1494 1160 1535 cf.
1204 1494 1379 1535 Petron.
1422 1495 1504 1536 29:
1550 1497 1788 1547 «praeterea

283 1571 448 1626 grande
489 1571 732 1612 armarium
769 1571 817 1611 in
857 1571 1020 1623 angulo
1058 1571 1163 1620 vidi,
1202 1571 1248 1611 in
1288 1571 1414 1612 cuius
1452 1571 1637 1612 aedjcula
1664 1573 1791 1613 erant

283 1650 421 1692 Lares
464 1649 662 1702 argentei
699 1649 878 1701 positi».
920 1673 979 1676 —-
1018 1647 1197 1703 ligneus
1224 1680 1233 1689 .
1265 1681 1274 1689 .
1304 1681 1314 1690 .
1342 1646 1467 1701 deus,
1505 1661 1561 1690 sc.
1602 1648 1701 1690 Lar.
1730 1672 1789 1677 —

286 1740 366 1770 seu
391 1726 497 1781 quis
525 1725 748 1768 libaverat
786 1738 938 1777 uvam,
966 1726 1187 1779 primitias
1228 1727 1405 1779 frugum
1431 1725 1620 1767 Laribus
1646 1721 1788 1767 sacrass

285 1804 419 1851 bant3
458 1803 510 1843 cf.
550 1801 658 1843 Hor.
700 1800 842 1843 carm.
884 1801 962 1843 ΙΠ.
992 1803 1070 1851 23,
1097 1803 1238 1844 3—4:
1273 1801 1343 1843 «Si
1381 1804 1478 1842 ture
1517 1802 1708 1856 placaris
1746 1804 1791 1843 et

286 1872 429 1922 ho'rna
454 1879 600 1932 Fruge
627 1878 788 1920 Lares»
823 1881 867 1920 et
891 1879 1102 1932 Porphyr.
1133 1879 1188 1920 ad
1214 1879 1255 1919 h.
1284 1880 1341 1921 L:
1366 1877 1664 1920 «consuetudo
1690 1879 1787 1928 fuit,

285 1959 336 1999 ut
378 1970 525 1998 rerum
570 1955 793 2009 primitias
813 1975 817 1978 ·
840 1956 1027 1997 Laribus
1072 1957 1335 2010 ponerent»;
1373 1955 1480 1997 Hor.
1523 1954 1610 1997 Sat.
1650 1955 1705 1997 H.
1747 1957 1786 2006 5,

290 2034 475 2076 12—14.
505 2033 696 2075 ironice:
731 2032 901 2074 «dulcia
927 2046 1061 2086 poma
1086 2033 1143 2074 Et
1169 2043 1468 2087 quoscumque
1508 2033 1617 2073 feret
1642 2032 1789 2074 cultus

285 2111 368 2153 tibi
407 2110 571 2151 fundus
608 2110 804 2151 honores
829 2110 943 2151 Ante
982 2110 1144 2151 Larem
1178 2112 1325 2163 gustet
1349 2109 1646 2151 venerabilior
1677 2109 1790 2150 Lare

287 2188 452 2229 dives».
481 2212 540 2215 —
567 2185 658 2229 Seu
682 2185 872 2230 dederat
903 2190 1074 2230 sanctae
1091 2187 1251 2242 ‘spicea
1289 2187 1411 2229 serta
1435 2198 1588 2240 eomae,
1612 2198 1791 2228 versum

287 2264 489 2306 imitatur
529 2263 604 2305 Ov.
648 2264 744 2305 Am.
785 2264 863 2305 ΙΠ.
909 2265 973 2314 10,
1013 2264 1096 2306 36;
1130 2263 1422 2305 «Deciderant
1456 2264 1603 2317 longae
1641 2261 1790 2316 spicea

289 2343 405 2383 serta
433 2355 593 2382 comae»
642 2344 686 2382 et
721 2341 840 2383 Fast.
881 2341 953 2383 IV.
995 2342 1104 2383 616:
1140 2340 1470 2395 «Imposuitque
1511 2354 1601 2382 suae
1642 2339 1791 2393 spicea

290 2418 408 2459 serta
434 2430 611 2457 comae».
640 2442 699 2445 —
723 2415 918 2472 Postque
943 2430 1089 2460 eomes
1110 2430 1286 2472 purum
1310 2418 1410 2474 filia
1440 2429 1593 2471 parva
1615 2415 1790 2472 favum,

288 2494 437 2534 locum
475 2492 676 2533 imitatur
714 2492 790 2533 Ov.
830 2493 949 2535 Fast.
989 2493 1044 2535 H.
1087 2494 1194 2535 652:
1228 2493 1442 2546 «Porrigit
1485 2491 1650 2533 incisos
1695 2490 1788 2532 filia

288 2581 426 2624 parva
449 2569 615 2610 favos».
1685 2572 1687 2574 '

350 2644 398 2685 V.
428 2645 616 2686 25—28.
646 2642 707 2685 At
744 2645 877 2687 nobis
916 2647 1076 2696 cerata,
1114 2643 1276 2699 Lares,
1314 2643 1520 2700 depellite
1558 2642 1659 2694 tela,
1686 2646 1790 2696 post

292 2722 411 2764 hunc
436 2733 613 2763 versum
654 2721 865 2763 excidisse
891 2723 1098 2764 videntur
1135 2723 1223 2764 duo
1248 2734 1415 2771 versuta
1443 2720 1519 2762 ubi
1550 2723 1683 2774 poeta
1707 2734 1788 2775 pro
