1942 3132
206 685 245 709 ⁶0

209 1683 245 1706 10

260 228 306 262 52

928 244 975 272 11.
999 242 1033 272 4.
1058 242 1093 272 6.

378 359 602 413 Quidquid
629 362 673 401 et
697 360 934 402 herbarum
959 360 1171 402 Thessala
1196 363 1313 401 terra
1340 359 1464 412 gerit,

317 435 373 475 Et
398 435 528 488 quod,
556 435 633 476 ubi
659 435 891 477 indomitis
917 435 1123 489 gregibus
1150 435 1301 477 Venus
1329 433 1465 475 adflat
1492 448 1680 485 01110108,

376 510 686 565 Hippomanes
713 511 882 566 cupidae
908 513 1049 554 stillat
1075 511 1128 552 ab
1155 511 1340 564 inguine
1368 524 1504 565 equae,

319 587 365 629 Si
392 587 526 630 modo
553 602 624 630 me
649 589 825 642 placido
852 589 999 630 videat
1025 588 1227 630 Nemesis
1253 601 1354 628 mea
1379 588 1520 638 vultu,

375 663 500 706 Mille
528 665 638 706 alias
664 666 824 707 herbas
851 666 1035 707 misceat
1061 665 1150 713 illa,
1181 664 1344 705 bibam.

977 877 1030 918 Π.

321 972 475 1015 Castra
499 971 648 1013 Macer
675 972 899 1026 sequitur:
928 975 1082 1013 tenero
1111 970 1217 1024 quid
1242 970 1319 1012 fiet
1342 971 1529 1014 Amori?

382 1048 449 1091 Sit
474 1063 623 1091 comes
650 1052 693 1090 et
720 1050 832 1090 00110
861 1049 1037 1089 fortiter
1063 1062 1186 1089 arma
1213 1051 1370 1102 gerat?

318 1127 376 1167 Et
403 1140 480 1168 seu
507 1127 640 1179 longa
666 1127 810 1166 virum
837 1128 962 1166 terrae
992 1126 1064 1166 via
1092 1139 1171 1166 seu
1195 1139 1307 1179 vaga
1334 1125 1496 1168 ducent

378 1203 593 1256 Aequora,
622 1216 721 1243 cum
749 1202 851 1244 telis
879 1203 932 1243 ad
959 1203 1079 1243 latus
1106 1202 1169 1243 ire
1196 1203 1348 1243 volet?

320 1280 420 1330 Ure,
449 1293 569 1333 puer,
600 1293 759 1332 quaeso,
789 1281 868 1319 tua
894 1279 971 1332 qui
998 1279 1118 1320 ferus
1145 1279 1236 1320 otia
1261 1279 1403 1332 liquit,

378 1357 519 1410 Atque
546 1357 708 1397 iterum
736 1370 940 1397 erronem
970 1357 1052 1398 sub
1079 1359 1156 1398 tua
1183 1358 1311 1410 signa
1337 1370 1458 1398 voca.

320 1433 446 1485 Quod
475 1434 511 1474 si
538 1433 756 1474 militibus
782 1446 948 1487 parces,
979 1434 1063 1474 0111
1088 1433 1161 1474 1110
1187 1447 1363 1487 quoque
1388 1433 1530 1483 miles,

378 1511 478 1564 Ipse
506 1511 648 1551 levem
675 1511 802 1563 galea
826 1511 903 1563 qui
931 1510 1016 1551 sibi
1041 1512 1191 1563 portet
1217 1523 1391 1562 aquam.

320 1588 473 1629 Castra
501 1589 616 1640 peto,
646 1587 878 1640 valeatque
906 1586 1057 1628 Venus
1083 1586 1349 1639 valeantque
1376 1586 1563 1639 puellae:

378 1665 433 1706 Et
459 1665 571 1705 mihi
598 1666 704 1705 sunt
729 1665 857 1714 vires,
888 1666 932 1705 et
957 1664 1070 1705 mihi
1097 1665 1214 1705 facta
1239 1663 1346 1705 tuba
1373 1665 1450 1705 est.

316 1740 482 1794 Magna
507 1742 674 1794 loquor,
707 1740 783 1782 sed
808 1739 1044 1794 magnifice
1072 1741 1185 1781 mihi
1212 1753 1376 1793 magna
1401 1740 1550 1781 locuto

377 1818 622 1859 Excutiunt
648 1818 809 1859 clausae
836 1817 969 1859 fortia
995 1817 1129 1858 verba
1156 1818 1286 1858 fores.

331 1895 479 1935 Iuravi
506 1895 711 1947 quotiens
737 1894 983 1936 rediturum
1010 1894 1064 1935 ad
1089 1894 1248 1935 limina
1272 1893 1541 1947 numquam!

381 1972 491 2014 Cum
518 1973 630 2014 bene
658 1973 813 2022 iuravi,
842 1986 921 2026 pes
947 1975 1099 2013 tamen
1126 1973 1222 2026 ipse
1250 1972 1376 2013 redit.

228 2075 244 2089 ὖ
319 2050 431 2090 Αο01
455 2050 602 2099 Amor,
632 2050 795 2090 fractas
821 2050 995 2091 utinam
1021 2052 1101 2090 tua
1127 2050 1216 2090 1010
1243 2049 1440 2102 sagittas,

382 2125 427 2167 Si
453 2125 568 2173 11001,
599 2127 838 2168 exstinctas
867 2127 1168 2180 aspiciamque
1196 2127 1340 2167 faces!

320 2201 385 2242 Tu
410 2202 623 2242 miserum
650 2205 842 2256 torques.
871 2205 920 2244 tu
945 2217 1017 2244 me
1044 2203 1156 2244 mihi
1182 2203 1279 2244 dira
1304 2202 1475 2256 precari

382 2277 512 2330 Cogis
539 2281 582 2318 et
607 2278 767 2320 insana
792 2283 943 2321 mente
969 2280 1164 2322 nefanda
1190 2279 1325 2332 loqui.

321 2354 417 2394 Iam
444 2354 562 2394 mala
588 2353 789 2396 finissem
818 2357 920 2406 leto,
952 2355 1029 2397 sed.
1055 2356 1233 2398 credula
1259 2356 1397 2397 vitam
1438 2375 1440 2379 v

383 2428 493 2483 Spes
524 2431 644 2471 fovet
672 2435 714 2472 et
741 2433 833 2473 fore
862 2447 958 2475 cras
986 2447 1162 2486 semper
1188 2434 1250 2474 ait
1274 2433 1451 2473 melius.

325 2505 434 2558 Spes
464 2506 545 2547 alit
572 2508 798 2558 agricolas,
831 2508 942 2563 Spes
971 2510 1104 2551 sulcis
1133 2509 1272 2550 credit
1297 2508 1432 2550 aratis

385 2581 575 2631 Semina,
606 2595 700 2634 quae
727 2598 889 2638 magno
917 2587 1070 2627 fenore
1098 2585 1254 2628 reddat
1279 2598 1408 2639 ager:

323 2657 430 2699 Haec
455 2659 614 2712 laqueo
641 2660 853 2710 volucres,
884 2663 976 2704 haec
1002 2666 1150 2717 captat
1178 2663 1397 2705 arundine
1423 2662 1578 2716 pisces,

391 2734 502 2776 Cum
530 2737 688 2776 tenues
716 2736 871 2777 hamos
898 2739 1068 2780 abdidit
1095 2743 1198 2781 ante
1226 2739 1374 2781 cibus:

1648 970 1703 1005 H.

1730 970 1764 1005 6.
