1942 3132
273 188 343 221 264
834 206 889 234 AD
911 207 958 234 Π.
982 205 1014 243 3,
1037 204 1205 249 435-46,

272 331 383 371 puer
423 319 636 372 puerique
677 333 839 373 parens
880 322 1142 375 Amathusia
1178 323 1309 372 culti‚·
1333 323 1476 364 Aurea
1517 323 1569 364 de
1607 337 1762 379 eampo

271 395 421 435 vellite
449 394 575 448 signa
593 390 716 437 meo»
742 399 784 438 et
808 397 871 438 Ex
888 397 1013 439 Pont.
1034 399 1110 439 III.
1135 400 1171 448 3,
1194 400 1261 440 802.
1283 398 1453 452 Cupido
1481 401 1536 442 ad
1552 404 1761 455 poetam:

276 485 326 513 «o
353 471 508 512 castris
534 471 663 512 miles
690 472 828 512 amice
846 473 956 513 meis
967 488 998 513 ».
1029 497 1086 500 —
1113 471 1261 527 domo,
1287 477 1389 527 post
1414 489 1474 517 vs.
1497 477 1563 518 34.
1591 477 1760 519 excide-

272 552 376 590 runt
418 548 587 602 aliquot
626 562 792 598 versus,
833 549 991 602 quibus
1036 552 1168 603 poeta
1214 552 1466 593 transitum.
1492 554 1664 606 paravit
1709 554 1763 595 ad

273 625 507 679 sequentia
531 625 580 666 in
606 625 723 665 hunc
749 626 838 665 fere
877 625 1081 666 modum:
1121 626 1239 667 disce
1267 640 1291 667 a
1317 641 1388 668 me
1414 627 1573 670 Veneri
1601 631 1763 671 servire

272 716 414 756 neque
440 703 588 756 pravis
616 702 764 743 saeculi
788 702 984 743 moribus
1010 705 1052 743 te
1071 704 1291 756 corrumpi
1318 704 1463 746 sinas:
1490 718 1595 746 nam
1621 703 1786 748 ferrea'

273 781 433 822 saecula.
459 793 552 820 non
576 778 805 828 Venerem,
833 778 909 819 sed
933 779 1126 832 praedam
1152 779 1338 821 laudant
1363 782 1441 822 etc.

331 857 379 899 V.
409 858 595 899 35—40.
623 854 805 910 Praeda,
842 870 902 897 vs.
947 858 1013 897 36.
1056 859 1098 897 et
1124 870 1208 898 ves.
1240 858 1306 898 37.
1337 861 1379 898 et
1415 859 1480 899 39.
1510 858 1762 911 cupidinem

271 933 427 988 praedae
456 932 683 986 significat.
712 957 770 960 —
794 932 951 974 multis
978 935 1041 974 est
1080 935 1265 988 operata
1299 934 1456 988 malie,
1480 935 1622 976 multa
1646 936 1764 977 mala

271 1010 522 1059 committit,
550 1022 683 1050 eausa
710 1011 776 1050 est
813 1009 1056 1050 multorum
1094 1010 1313 1051 malorum
1331 1025 1341 1059 ;
1381 1012 1432 1052 cf.
1467 1012 1619 1053 inoert.
1650 1015 1760 1054 auct.

270 1088 395 1129 Aetn.
439 1087 695 1128 383—384:
730 1086 925 1138 «magnis
965 1089 1145 1139 operata
1184 1088 1352 1141 rapinis
1390 1088 1596 1130 Flamma.
1629 1089 1764 1130 micat

271 1166 473 1218 latosque
500 1176 633 1205 ruens
660 1163 850 1204 exundat
875 1164 922 1204 in
963 1176 1130 1216 agros».
1160 1189 1217 1192 >ff
1243 1165 1387 1207 civzoeit
1416 1198 1423 1205 .
1453 1198 1460 1206 .
1491 1199 1498 1206 .
1530 1165 1690 1220 armis,
1715 1168 1764 1207 ut

271 1241 398 1294 Verg.
426 1240 532 1281 Aen.
563 1238 634 1280 XI.
664 1239 773 1280 536:
809 1239 1024 1291 «cingitur
1048 1240 1224 1281 armis».
1254 1265 1311 1268 —.
1337 1239 1459 1283 Hinc
1484 1254 1633 1295 cruor,
1660 1241 1764 1285 hinc

271 1318 415 1361 caedes
442 1328 565 1359 mors
587 1315 866 1371 propiorque
891 1315 1027 1369 venit,
1053 1317 1104 1358 ef.
1135 1317 1232 1358 adn.
1263 1331 1396 1370 supra
1413 1318 1468 1359 ad
1483 1319 1515 1360 I.
1541 1320 1605 1368 10,
1627 1321 1762 1360 3--4z

278 1394 412 1435 «Tum
438 1391 577 1433 eaedes
604 1391 839 1432 hominum
866 1392 1028 1444 generi,
1057 1395 1151 1433 tum
1190 1394 1348 1446 proelia
1383 1397 1502 1445 nata,
1532 1394 1640 1435 Tum
1667 1395 1760 1436 bre-

270 1471 367 1512 vior
394 1469 497 1510 dirae
523 1467 679 1509 mortis
707 1470 858 1520 aperta
882 1468 955 1509 via
981 1470 1069 1509 est»
1079 1483 1090 1517 3
1117 1482 1294 1511 versum
1321 1470 1523 1511 imitatur
1548 1470 1623 1512 Ov.
1642 1471 1760 1513 Fast.

270 1547 342 1590 VI.
387 1547 497 1588 599:
532 1543 671 1585 «Hinc
713 1557 854 1593 eruor,
898 1544 1002 1585 hinc
1043 1545 1205 1586 caedes»
1238 1549 1281 1587 et
1323 1546 1448 1587 ΤΙ-1611
1491 1547 1523 1587 Ι.
1573 1549 1636 1597 10,
1683 1549 1761 1589 32:

276 1624 445 1679 «Quam
471 1635 599 1663 eruor
626 1624 669 1662 et
695 1620 833 1661 caedes
861 1620 1063 1674 bellaque
1091 1634 1265 1675 semper
1290 1623 1499 1672 habent»;
1526 1624 1698 1666 Petron.
1727 1638 1761 1665 0.

275 1701 381 1742 123ε
416 1699 585 1749 «Arma,
614 1711 753 1742 cruor.
782 1697 932 1745 caedes,
960 1698 1167 1739 incendia
1193 1701 1371 1752 totaque
1399 1700 1554 1741 bella».
1574 1711 1763 1758 —vayo

271 1811 279 1818 .
311 1811 318 1818 .
350 1810 357 1818 .
381 1778 539 1831 ponto,
565 1775 617 1816 of.
647 1773 747 1815 adn.
790 1787 922 1827 supra
961 1773 1016 1815 ad
1051 1775 1106 1816 II.
1137 1777 1175 1823 6,
1207 1777 1256 1817 3:
1291 1790 1423 1829 «vaga
1462 1791 1678 1831 aequora».
1705 1803 1764 1806 —

269 1853 502 1909 geminare
521 1851 745 1907 pericula,
770 1851 966 1904 pericula
992 1852 1289 1905 navigationis
1307 1854 1531 1895 cumulare
1556 1855 1764 1908 perieulis

270 1931 377 1973 belli
414 1930 611 1979 navalis:
655 1930 706 1970 cf.
737 1929 811 1971 Ov.
841 1929 904 1969 Ex
928 1929 1054 1970 Pont.
1083 1930 1115 1970 Ι.
1146 1931 1184 1973 2.
1219 1931 1412 1983 15—16:
1447 1929 1568 1981 «Qui,
1606 1932 1762 1973 mortis

271 2020 386 2049 eaevo
429 2006 657 2060 geminent
694 2009 744 2047 ut
783 2007 964 2047 vulnere
1003 2019 1171 2053 causae,
1202 2005 1362 2047 Omnia.
1401 2007 1552 2060 vipero
1595 2008 1764 2060 spicula

271 2084 373 2125 felle
406 2084 595 2124 linunt».
625 2109 682 2111 ἡ
708 2082 879 2125 Bellica
907 2117 914 2124 .
946 2116 953 2123 .
986 2117 993 2124 .
1023 2084 1187 2137 rostra,
1213 2083 1386 2125 ferrata.
1414 2108 1472 2111 —
1499 2081 1650 2126 dubiis
1677 2118 1685 2126 .
1716 2118 1724 2126 .
1751 2119 1759 2126 .

269 2160 466 2212 ratibus,
505 2161 556 2200 ef.
606 2159 705 2200 adn.
755 2172 890 2212 supra
929 2159 982 2200 ad
1021 2160 1052 2200 I.
1103 2161 1143 2208 9,
1191 2161 1266 2201 10:
1317 2161 1570 2202 «instabiles
1616 2163 1756 2202 rates»

271 2239 315 2278 et
352 2236 427 2278 Ov.
468 2237 515 2277 A.
556 2237 603 2276 A.
644 2236 698 2276 ΙΙ.
729 2237 838 2277 514:
874 2236 995 2276 «Non
1035 2250 1208 2290 semper
1245 2237 1401 2278 dubias
1441 2236 1618 2279 adiuvat
1656 2250 1762 2278 aura

270 2314 428 2354 rates».

329 2388 379 2429 V.
407 2388 595 2428 41—46.
621 2386 869 2441 praedator,
887 2388 959 2441 qui
980 2388 1137 2430 bellica
1162 2390 1309 2442 praeda
1335 2390 1499 2431 ditatus
1524 2391 1762 2437 latifundia

270 2464 444 2505 coemit.
473 2488 529 2491 —
569 2463 791 2515 obsidere,
834 2478 1060 2518 occupare,
1104 2468 1153 2506 ut
1193 2466 1319 2519 Verg.
1363 2466 1468 2508 Aen.
1512 2466 1605 2507 VII.
1650 2467 1758 2508 334:

278 2541 437 2582 «Italos
465 2540 664 2594 obsidere
690 2540 843 2582 fines».
873 2567 930 2569 —
956 2542 1104 2584 multa
1129 2542 1374 2586 innumera
1411 2542 1571 2598 iuqera
1602 2543 1760 2597 pascat

271 2629 365 2671 ove,
392 2617 622 2671 depaseat;
651 2619 701 2658 cf.
732 2618 859 2671 Verg.
888 2620 994 2660 Aen.
1015 2619 1087 2660 XI.
1120 2621 1377 2661 319—320:
1402 2631 1599 2659 «vomere
1627 2617 1759 2659 duros

270 2693 484 2734 Exercent
522 2693 657 2735 eolles
698 2696 829 2747 atque
868 2694 1028 2735 horum
1067 2695 1310 2747 asperrima
1346 2697 1557 2748 pascunt»
1590 2696 1632 2735 et
1657 2694 1757 2748 Ulp.
