1942 3132
730 195 787 224 ΔΙ)
806 195 838 224 1.
860 193 894 231 7,
921 192 1086 223 17—22.
1594 180 1661 215 ¹85

162 312 316 358 αὐτάων
341 313 558 356 δικαιεῦσι·
583 315 655 356 καὶ
678 311 729 370 ἢν
755 309 947 359 ἀέκοντες
975 309 1172 368 ἅψωνται,
1200 310 1366 364 ἐναγέες
1394 310 1562 371 ,ἐκείνην
1587 315 1659 369 τὴν

160 390 319 451 ἡμέρην
345 389 439 434 εἰσί.
466 415 523 420 -
549 388 794 434 Rzlaestino
821 422 831 431 .
858 423 866 431 .
898 423 907 431 .
937 386 1070 445 Syro,
1087 388 1224 442 Syriae
1251 388 1661 431 adnumerabantur

161 469 297 511 etiam
333 467 568 510 Palaestina
605 468 649 508 et
684 465 938 514 Phoenicia3
977 466 1029 508 cf.
1071 465 1183 507 Plin.
1219 465 1268 506 N.
1298 464 1353 507 H.
1382 465 1431 506 V.
1463 467 1531 507 66.
1562 466 1659 507 Non

164 547 231 587 est
256 545 309 587 de
334 544 496 587 Indaeis
520 542 818 597 cogitandum,
847 542 1008 597 quibus
1034 541 1242 585 columba
1266 555 1359 583 non
1386 545 1480 583 erat
1512 556 1659 591 sacra;

162 623 292 666 aliter
315 622 511 670 Ovidius,
539 621 613 676 qui
651 620 734 662 hoc
772 633 938 662 nomen
975 619 1031 662 ad
1068 619 1242 662 Iudaeos
1280 619 1510 660 transtulit
1534 620 1581 661 A.
1611 620 1658 661 A.

160 700 193 741 L
222 701 336 742 416:
367 699 520 742 «Culta
543 697 780 740 Palaestino
806 697 995 752 septima
1023 698 1135 739 festa
1159 697 1203 748 (i.
1232 710 1268 738 e.
1297 696 1495 748 sabbata)
1521 694 1654 749 Syro»

163 779 208 819 et
230 776 334 820 ibid.
364 777 444 819 76:
475 774 716 830 «Cultaque
747 774 897 816 Iudaeo
935 775 1127 829 septima
1152 787 1277 816 sacra
1303 772 1455 827 Syro».
1484 798 1541 801 —
1575 770 1658 815 Ut-

78 854 81 858 ’
161 866 248 910 que
274 854 420 897 maris
456 854 637 896 vastum
668 854 925 909 prospectet
963 851 1168 895 turribus
1196 864 1353 908 oequor
1378 885 1386 893 .
1416 885 1426 893 .
1456 885 1465 892 .
1503 849 1661 907 Tyro-3,

161 933 214 972 cf.
254 930 362 973 Hor.
401 930 480 984 Ep.
520 930 552 971 L
587 931 651 974 10.
681 930 764 972 23:
797 929 1135 984 «Laudaturque
1174 929 1347 978 domus,
1388 929 1547 983 longos
1586 928 1659 983 qui

161 1008 373 1063 prospicit
398 1020 568 1061 agros».
607 1031 660 1035 -—-
688 1005 909 1058 turribus,
934 1006 1141 1048 domibus
1168 1007 1283 1055 altis,
1313 1010 1363 1048 ut
1386 1007 1494 1049 Hor.
1514 1005 1658 1048 Carm.

160 1085 194 1128 L
221 1086 262 1134 4,
301 1086 497 1127 13—-142
529 1084 723 1126 «Pallida
759 1083 882 1126 Mors
908 1098 1033 1138 aequo
1075 1085 1226 1138 pulsat
1264 1085 1376 1138 pede
1412 1098 1659 1139 pauperum

161 1162 365 1205 tabernas
389 1161 648 1216 Regumque
685 1165 870 1203 turres».
898 1161 1070 1204 Domus
1096 1162 1210 1203 altas
1236 1161 1373 1204 fuisse
1399 1162 1499 1216 Tyri
1534 1162 1662 1203 docet

162 1239 302 1282 Strab.
330 1239 442 1282 XVI.
472 1240 584 1281 757:
628 1238 809 1281 ἐνταῦθα
850 1238 895 1281 δέ
937 1252 1042 1296 φασι
1079 1239 1351 1292 πολυστὲγους
1391 1241 1467 1287 τὰς
1509 1237 1659 1286 οἰκίας,

161 1314 265 1359 ὥστε
289 1318 361 1359 καὶ
385 1323 462 1358 τῶν
489 1314 532 1358 ἐν
559 1314 701 1372 Ῥώμῃ
728 1317 901 1372 μᾶλλον.
928 1341 984 1344 ή-
1014 1314 1173 1359 Prima
1210 1318 1359 1359 ratem
1386 1315 1531 1359 ventis
1558 1328 1658 1358 ore-

160 1393 267 1438 dere
291 1393 449 1447 docta‚·
465 1392 749 1435 crediderunt
774 1394 947 1447 antiqui
972 1394 1303 1447 navigationem
1332 1407 1358 1435 a
1374 1394 1659 1436 Phoenicibus

160 1486 256 1514 esse
301 1473 542 1514 inventam.
583 1497 639 1500 —
676 1470 839 1523 Qualis
877 1473 918 1514 et
954 1475 1049 1521 etc„
1097 1472 1260 1514 transit
1299 1472 1355 1514 ad
1395 1472 1658 1526 Aegyptum,

158 1549 276 1592 unde
301 1549 559 1592 Messallam
585 1549 749 1591 auxilio
775 1549 914 1592 fuisse
939 1550 1182 1592 Octaviano
1208 1551 1456 1605 Aegyptum
1474 1563 1512 1591 a.
1532 1550 1600 1591 30.
1620 1563 1657 1591 a.

160 1625 260 1670 Chr.
287 1641 330 1669 n.
359 1628 592 1681 occupanti
629 1628 872 1670 verisimile
909 1627 969 1670 fit.
1006 1628 1069 1671 Cf.
1098 1629 1215 1670 infra
1252 1628 1429 1670 Excurs.
1470 1627 1554 1669 IL:
1594 1627 1659 1668 De

161 1703 291 1745 bellis
317 1703 552 1745 Messallae.
573 1728 627 1732 —-
656 1706 837 1746 arentes
863 1717 966 1747 cum
992 1703 1126 1760 findit
1153 1702 1307 1748 Sirius
1334 1716 1487 1760 ayros,
1512 1704 1659 1746 locum

160 1780 363 1822 imitatur
388 1779 498 1822 Stat.
526 1779 632 1822 Silv.
659 1780 737 1822 III.
772 1782 806 1829 1,
841 1782 924 1823 54:
957 1782 1243 1823 «anhelantes
1282 1781 1481 1823 incendit
1518 1779 1660 1822 Sirius

160 1870 332 1911 agros-3
359 1858 412 1898 cs.
440 1857 598 1899 Catull.
628 1858 697 1905 68,
726 1858 809 1899 62:
842 1856 977 1900 «Cum
1002 1859 1148 1912 gravis
1176 1862 1353 1900 exustos
1379 1862 1514 1900 aestus
1541 1857 1657 1899 hiul-

161 1938 231 1976 cat
267 1947 439 1988 agros»,
477 1933 584 1976 Hor.
614 1933 702 1976 Sat.
731 1934 786 1975 H.
821 1936 860 1984 5,
903 1934 1104 1977 39—40:
1137 1949 1241 1977 «seu
1280 1935 1411 1978 rubra
1447 1935 1660 1977 Canicula

159 2011 298 2054 findet
324 2011 525 2053 Infantes
553 2013 764 2060 statuas»,
794 2011 920 2066 Verg.
949 2011 1025 2054 Ge.
1054 2011 1109 2054 IL
1141 2014 1252 2055 353:
1285 2014 1425 2054 «victa
1462 2012 1552 2054 situ
1576 2010 1658 2053 fin-

161 2089 226 2131 dit
263 2087 398 2131 Canis
435 2088 601 2130 aestifer
637 2101 784 2137 arva»,
814 2087 954 2130 Carm.
996 2089 1139 2143 Priap.
1181 2091 1251 2139 63,
1291 2091 1433 2132 ⁶2⁴3:
1467 2089 1658 2143 «Agente

161 2169 279 2208 terra
317 2179 397 2220 per
437 2164 694 2207 Caniculam
736 2164 914 2206 rimas».
944 2190 976 2193 --
1028 2164 1198 2219 Siriu&
1240 2167 1369 2208 stella
1410 2166 1657 2215 Caniculae:

160 2244 213 2285 cf.
241 2241 341 2284 adn.
370 2254 503 2295 supra
529 2240 584 2283 ad
611 2241 643 2283 L
670 2242 712 2285 4.
741 2242 794 2283 6:
827 2242 991 2283 «aestivi
1017 2244 1219 2296 tempora
1258 2243 1372 2284 sicca
1397 2242 1572 2286 Canis».
1601 2267 1659 2272 —

158 2318 324 2376 fertilis
351 2353 359 2360 .
390 2353 397 2360 .
429 2352 437 2359 .
467 2315 616 2369 Νἰίῑιε,
641 2318 744 2371 quia
771 2318 1064 2360 exundatione
1090 2332 1171 2361 sua
1191 2321 1440 2374 Aegyptum
1467 2321 1658 2361 fertilem

160 2397 290 2445 facit;
330 2395 536 2436 similiter
572 2398 812 2448 usurpatur
847 2394 1070 2451 fecundus
1102 2397 1213 2439 Plin.
1254 2397 1303 2439 N.
1344 2397 1399 2439 H.
1428 2396 1477 2438 Y.
1505 2398 1575 2439 54.
1604 2396 1657 2438 de

159 2471 287 2514 Nilo:
311 2471 466 2513 «certis
483 2475 634 2512 tamen
649 2470 806 2513 diebus
823 2476 955 2514 auctu
980 2486 1142 2527 magno
1168 2487 1248 2527 per
1271 2476 1412 2516 totam
1440 2475 1657 2528 spatiatus

159 2549 406 2603 Aegyptum
435 2546 649 2589 fecundus
675 2548 852 2591 innatat
875 2551 1043 2591 terrae».
1071 2574 1129 2579 ——
1154 2549 1313 2593 oestiva
1341 2584 1349 2592 .
1381 2583 1391 2592 .
1419 2584 1427 2592 .
1458 2549 1658 2594 abundet

161 2635 303 2680 aqua,
343 2625 396 2666 cf.
440 2623 492 2665 de
547 2627 746 2678 tempore
773 2624 1083 2672 exundationis
1107 2626 1198 2667 Nili
1223 2626 1336 2668 Plin.
1365 2626 1413 2668 N.
1430 2626 1485 2668 H.
1506 2627 1554 2669 V.
1574 2629 1656 2669 56:

165 2700 234 2743 «id
258 2702 435 2743 evenire
462 2715 488 2743 a
514 2701 647 2743 Oanis
685 2703 785 2743 ortu
822 2716 902 2757 per
936 2703 1171 2745 introitum
1211 2703 1319 2746 solis
1358 2703 1404 2745 in
1443 2705 1649 2747 leonem»
