1942 3132
223 1766 259 1789 10

224 2533 263 2556 20

590 741 1123 807 DETESTATIO
1160 745 1448 800 BELLI.

943 966 990 1017 (1.
1020 965 1103 1017 10.)
1160 951 1166 957 ’

334 1052 441 1103 Quis
468 1052 562 1102 fuit,
588 1052 838 1095 «horrendos
864 1054 1035 1108 primus
1063 1054 1137 1108 qui
1164 1054 1352 1107 protulit
1378 1058 1539 1095 enses?

394 1129 537 1180 Quam
563 1129 683 1170 ferus
710 1132 752 1170 et
777 1143 878 1170 vere
907 1130 1076 1172 ferreus
1102 1130 1179 1171 ille
1206 1131 1313 1171 fuit!

333 1207 444 1247 Tum
471 1205 610 1247 caedes
638 1207 873 1248 hominum
899 1208 1061 1260 generi,
1092 1210 1189 1248 tum
1214 1207 1372 1261 proelia
1398 1210 1515 1258 nata,

393 1283 503 1323 Tum
530 1283 705 1324 brevior
730 1282 834 1323 dirae
861 1283 1018 1324 mortis
1047 1286 1198 1336 aperta
1223 1284 1294 1325 via
1322 1286 1399 1325 est.

333 1361 402 1401 An
428 1360 543 1401 nihil
569 1360 644 1401 ille
671 1360 808 1401 miser
839 1361 1012 1411 meruit,
1042 1374 1126 1402 nos
1153 1360 1209 1402 ad
1234 1362 1354 1402 mala
1379 1364 1534 1403 nostra¹

393 1435 627 1486 Vertimus,
657 1437 706 1477 in
734 1450 871 1478 saevas
898 1437 1016 1491 quod
1042 1437 1162 1478 dedit
1187 1437 1264 1478 ille
1291 1438 1439 1479 feras?

334 1513 495 1554 Divitis
523 1514 608 1555 hoo
633 1513 793 1555 vitium
819 1516 886 1555 est
911 1514 1020 1564 auri,
1049 1527 1131 1555 1160
1157 1514 1274 1555 bella
1300 1515 1491 1563 fuerunt,

392 1590 590 1644 Faginus
618 1591 821 1632 adstabat
846 1604 946 1632 oum
974 1591 1165 1644 scyphus
1193 1594 1295 1632 ante
1324 1591 1469 1644 dapes

334 1669 434 1711 Non
460 1681 594 1718 arces,
623 1680 717 1709 non
742 1668 887 1709 vallus
915 1671 1018 1718 erat,
1050 1681 1343 1721 somnumque
1371 1670 1549 1722 petebat

396 1744 584 1787 Securus
612 1758 788 1798 sparsas
815 1745 901 1786 dux
927 1746 1071 1799 gregis
1098 1746 1215 1787 inter
1242 1760 1357 1787 oves.

335 1823 456 1864 Tunc
482 1822 595 1863 mihi
621 1822 713 1863 vita
739 1822 852 1863 foret
878 1821 1018 1863 duleis
1045 1835 1127 1862 1160
1153 1822 1299 1863 tristia
1323 1835 1503 1863 nossem

394 1899 528 1940 Arma
553 1912 635 1940 nec
663 1899 890 1940 audissem
916 1898 1045 1940 corde
1071 1899 1266 1940 micante
1291 1899 1457 1940 tubam.

334 1976 460 2017 Nunc
487 1975 543 2017 ad
568 1976 686 2018 bella
711 1976 865 2017 trahor
891 1979 934 2017 et
959 1976 1050 2017 iam
1077 1976 1174 2029 quis
1202 1976 1390 2017 forsitan
1416 1976 1559 2018 hostis

394 2053 582 2095 Haesura
607 2054 656 2094 in
681 2056 835 2095 nostro
863 2053 953 2095 tela
978 2054 1092 2106 gerit
1117 2054 1268 2095 latere.

337 2130 422 2173 Sed
447 2130 580 2184 patrii
607 2133 778 2172 servate
804 2130 967 2171 Lares:
996 2130 1170 2171 aluistis
1199 2131 1241 2170 et
1266 2129 1396 2179 idem,

397 2207 631 2249 Cursarem
656 2209 828 2248 vestros
855 2220 954 2247 oum
981 2208 1108 2247 tener
1134 2209 1237 2247 ante
1263 2206 1411 2260 pedes.

336 2284 431 2324 Neu
456 2283 622 2336 pudeat
646 2283 790 2336 prisco
816 2296 895 2324 vos
924 2296 1019 2324 6666
1046 2296 1068 2323 6
1097 2283 1247 2336 stipite
1274 2285 1438 2324 factos:

397 2359 467 2401 Sic
493 2359 654 2401 veteris
682 2359 807 2400 sedes
834 2359 1086 2399 incoluistis
1112 2360 1194 2400 avi.

337 2436 458 2477 Tunc
484 2435 644 2476 melius
672 2437 853 2475 tenuere
878 2433 1022 2484 fidem,
1052 2448 1152 2475 011111
1178 2434 1520 2488 pauperescultu

399 2511 552 2554 Stabat
577 2512 626 2553 in
654 2512 810 2565 exigua
835 2511 1013 2564 ligneus
1039 2512 1131 2552 aede
1159 2512 1278 2553 deus.

338 2588 423 2630 Hio
448 2589 648 2642 placatus
677 2590 780 2638 erat,
813 2601 891 2630 seu
919 2588 1016 2641 quis
1043 2588 1257 2630 libaverat
1283 2601 1426 2637 uvam,

399 2664 486 2707 Seu
511 2664 691 2706 dederat
718 2667 877 2706 sanctae
905 2664 1053 2717 spicea
1079 2667 1195 2705 serta
1222 2678 1383 2706 eomae:

340 2742 479 2796 Atque
508 2739 667 2795 aliquis
693 2740 785 2782 voti
812 2753 995 2794 compos
1021 2741 1112 2781 liba
1139 2742 1234 2794 ipse
1262 2740 1429 2782 ferebat
