1942 3132
258 207 323 240 112
853 221 908 248 AD
931 221 961 250 1.
986 220 1019 257 3,
1046 219 1163 249 5—8.

252 336 520 377 videbantur
547 335 732 390 antiqui.
751 361 810 365 —-
837 335 998 379 avidas
1025 370 1032 378 .
1064 370 1071 377 .
1105 371 1112 378 .
1141 347 1323 385 manus,
1354 336 1459 390 quia
1483 349 1604 379 mors
1631 351 1765 391 rapax

256 416 333 462 est,
362 415 413 454 ut
438 413 556 454 infra
581 426 643 455 vs.
673 414 741 455 65.
768 413 931 457 Manus
969 415 1140 458 mortis,
1183 417 1232 455 ut
1257 413 1441 456 Ovidius
1478 414 1527 456 in
1565 412 1763 469 epicedio

255 489 420 530 Tibulli
447 488 500 530 ad
534 489 653 530 hunc
671 489 819 544 ipsum
833 490 983 532 locum
999 490 1203 532 alludens
1229 491 1340 541 (Am.
1369 490 1448 533 III.
1475 493 1514 541 9,
1545 493 1633 544 20.)
1658 491 1766 533 dicit

255 565 308 607 de
335 567 479 606 morte
497 581 505 607 :
531 565 774 607 «Omnibus
792 566 1003 608 obscuras
1021 567 1148 607 inicit
1170 567 1249 607 illa
1266 580 1469 608 manus».
1486 592 1544 596 —-
1559 565 1710 612 Mors.
1725 600 1734 609 .
1753 601 1762 610 .

255 642 408 698 niqra,
438 645 534 684 atra
562 644 639 683 aut
664 643 793 695 nigra
818 645 1037 684 vocantur
1062 644 1226 691 omnia,
1258 656 1353 697 quae
1382 643 1436 684 ad
1462 642 1629 686 inferos
1666 658 1764 698 per-

255 719 415 768 tinent,
445 722 495 760 ut
520 718 656 772 Lygd.
687 720 726 767 5,
757 721 809 761 5:
834 719 914 760 «At
938 720 1049 761 mihi
1079 720 1365 773 Persephone
1392 720 1568 772 nigram
1593 720 1764 762 denun-

256 797 340 838 tiat
379 797 578 845 horam»,
614 795 691 837 ubi
733 796 958 838 Tibullum
998 799 1102 838 ante
1141 797 1294 838 oculos
1334 796 1518 846 habuit;
1545 798 1597 838 cf.
1626 797 1763 851 Lygd.

257 877 297 924 5,
330 874 455 916 1—6.
486 877 529 915 et
555 873 646 915 Tib.
674 873 707 914 I.
739 875 776 921 3,
811 875 935 915 1—4.
964 899 1023 902 —
1049 873 1197 923 modo,
1227 888 1328 915 cum
1365 874 1651 916 coniunctivo
1689 874 1764 916 ad-

257 950 480 992 hortativo
518 948 734 999 iunctum,
776 952 826 990 ut
863 949 999 1003 Lygd.
1044 951 1083 998 6,
1124 951 1177 991 9:
1212 949 1324 991 «Vos
1362 950 1496 991 modo
1533 950 1765 1004 proposito

257 1026 409 1068 dulces
437 1026 624 1067 faveatis
652 1025 825 1066 amici».

316 1102 368 1143 V.
397 1102 527 1144 5—8.
568 1100 694 1143 Mors
734 1103 855 1153 atra,
893 1105 942 1142 ut
984 1115 1118 1155 supra
1154 1102 1186 1143 I.
1233 1103 1297 1151 10,
1329 1103 1409 1144 33:
1444 1105 1612 1143 «atram
1649 1115 1765 1143 mor—

258 1181 391 1219 tem».
420 1202 479 1206 ——
503 1189 599 1219 non
627 1175 698 1219 hic
723 1175 840 1219 mihi
865 1179 1015 1219 mater
1041 1180 1136 1226 etc„
1165 1178 1253 1218 huc
1280 1177 1439 1218 alludit
1465 1177 1542 1219 Ov.
1569 1178 1666 1219 Am.
1684 1177 1764 1219 111.

258 1258 296 1306 9,
325 1256 515 1297 49—592.
545 1254 599 1295 de
626 1253 801 1295 Tibullo
828 1256 1032 1295 mortuo:
1058 1253 1200 1295 «Hinc
1222 1257 1337 1295 certe
1365 1254 1568 1296 madidos
1595 1252 1765 1307 fugien-

257 1333 315 1374 tis
341 1332 506 1386 pressit
539 1331 705 1373 ocellos
730 1330 876 1372 Mater
914 1332 958 1372 et
994 1330 1043 1371 in
1082 1331 1254 1372 cineres
1293 1331 1453 1372 ultima
1491 1331 1608 1372 dona
1628 1331 1763 1374 tulit:

257 1409 375 1450 Hinc
404 1422 528 1450 soror
552 1409 600 1448 in
637 1410 810 1461 partem
849 1407 1014 1448 misera
1040 1420 1141 1449 cum
1167 1410 1309 1448 matre
1347 1407 1514 1449 doloris
1540 1408 1674 1449 Venit
1698 1408 1765 1448 in-

259 1489 439 1527 ornatas
478 1485 695 1527 dilaniata
736 1497 927 1525 comas».
958 1509 1017 1513 —
1049 1483 1160 1535 Quae
1188 1484 1308 1540 legat
1350 1484 1399 1526 in
1438 1486 1623 1527 maestos
1664 1496 1767 1527 ossa

253 1566 446 1618 perusta
471 1563 619 1615 sinus,
646 1563 766 1603 hunc
791 1562 940 1603 locum
968 1561 1170 1603 imitatur
1194 1560 1330 1615 Lygd.
1351 1563 1389 1607 92.
1414 1562 1612 1602 17—18:
1637 1560 1766 1601 «Pars

259 1654 356 1694 quae
384 1639 480 1680 sola
506 1639 609 1680 mei>
635 1638 863 1691 superabit
900 1638 1111 1691 corporia·
1141 1650 1243 1679 ossa
1268 1638 1477 1678 Incinctae
1509 1638 1638 1690 nigra
1663 1650 1765 1678 can-

259 1716 363 1758 dida
401 1718 522 1756 veste
559 1715 753 1768 legent».
782 1737 840 1744 -—
881 1714 1002 1769 ἱεραί
1028 1747 1037 1755 .
1068 1748 1076 1755 .
1105 1747 1113 1755 .
1145 1726 1263 1763 ossa,
1306 1728 1408 1756 ossa
1447 1714 1626 1763 mortui,
1671 1727 1766 1767 quae

259 1793 376 1846 ignis
404 1793 452 1833 in
478 1805 585 1846 rogo
613 1805 706 1833 non
733 1791 1025 1844 consumpsit,
1055 1791 1325 1844 colligebant
1363 1791 1617 1844 propinqui,
1648 1791 1765 1845 quod

262 1872 354 1910 erat
368 1865 494 1923 pium
510 1868 707 1910 officium
722 1868 1051 1921 vocabaturque
1067 1868 1338 1920 ossilegium.
1359 1892 1417 1896 ——
1434 1867 1485 1909 in
1505 1869 1687 1910 maestos
1703 1900 1735 1909 ..
1755 1901 1766 1911 .

261 1947 406 1997 sinus,
435 1946 482 1987 in
510 1947 660 1986 sinum
676 1946 814 1987 vestis
841 1945 1055 1998 lugubris,
1082 1945 1108 1986 i.
1132 1959 1165 1986 e.
1191 1945 1355 1997 nigrae;
1383 1945 1435 1986 cs.
1454 1944 1590 1997 Lygd.
1618 1944 1767 1986 locum

261 2037 395 2077 supra
433 2022 549 2063 laud.
578 2047 637 2050 —
663 2034 771 2064 ossa
802 2024 1012 2076 perusta,
1051 2023 1102 2062 ut
1139 2020 1214 2062 Ov.
1242 2021 1360 2063 Fast.
1389 2021 1438 2062 V.
1467 2022 1580 2063 454:
1613 2019 1766 2075 «Spar-

261 2101 425 2154 gebant
451 2099 648 2140 lacrimis
676 2111 777 2140 ossa
801 2102 985 2152 perusta
1012 2098 1146 2139 suis».
1167 2123 1226 2126 -—
1252 2096 1473 2153 Assyrios
1499 2097 1640 2140 ciuem·
1666 2110 1768 2152 quae

261 2176 424 2219 reddat·
467 2176 644 2229 odores,
687 2175 912 2217 cineribus
952 2176 1130 2224 mortui,
1177 2161 1417 2228 antequam
1459 2175 1767 2229 sepelirentur,

259 2267 421 2296 ,suaves
461 2253 618 2295 odores
658 2252 971 2300 miscebantur,
1014 2265 1124 2305 quos
1164 2252 1300 2294 etiam
1337 2251 1472 2306 Lygd.
1509 2253 1548 2301 2,
1577 2252 1764 2293 23—24.

262 2331 311 2371 in
353 2330 650 2382 descriptione
693 2328 863 2369 funeris
906 2331 1251 2370 commemorat:
1291 2342 1426 2383 «quos
1466 2328 1605 2369 mittit
1645 2326 1766 2368 dives

263 2406 488 2448 Panchaia
513 2419 682 2447 merces
707 2405 877 2458 Eoique
905 2405 1085 2455 Arabes,
1114 2405 1296 2460 pinguis
1323 2408 1367 2446 et
1389 2404 1594 2458 Assyria»
1618 2407 1662 2445 et
1688 2403 1763 2446 Ov.

264 2483 390 2524 Trist.
435 2482 511 2523 III.
558 2483 595 2530 3,
642 2483 709 2523 65.
753 2483 797 2522 et
840 2482 1041 2523 69—70:
1088 2481 1225 2524 «Ossa
1263 2484 1417 2523 tamen
1457 2481 1590 2522 facito
1630 2493 1766 2534 parva

264 2560 512 2601 referantur
538 2557 587 2600 in
612 2571 727 2599 urna
753 2589 763 2599 .
792 2590 801 2599 .
830 2590 840 2598 .
868 2558 1012 2612 Atque
1041 2572 1091 2600 ea
1119 2573 1218 2600 cum
1261 2558 1381 2600 foliis
1408 2559 1452 2599 et
1477 2556 1643 2599 amomi
1667 2556 1765 2610 pul-

264 2649 366 2678 vere
392 2635 528 2676 misce
550 2634 692 2687 Inque
712 2634 965 2675 suburbano
985 2634 1165 2676 condita
1180 2648 1298 2688 pone
1317 2634 1452 2675 solo».
1469 2657 1527 2661 -
1540 2631 1682 2674 cineri
1699 2663 1709 2674 .
1725 2666 1734 2674 .
1752 2663 1763 2674 .

267 2711 430 2756 reddat
455 2711 626 2762 odores,
653 2713 704 2752 ut
727 2711 847 2752 infra
872 2724 934 2753 vs.
967 2713 1048 2754 34:
1082 2712 1393 2765 «Reddereque
1432 2709 1615 2763 antiquo
1640 2722 1765 2751 men-
