1942 3132
767 218 827 248 u>
845 217 904 247 Π.
926 216 961 256 6,
987 216 1153 247 17—20.
1636 203 1707 240 ²35

213 337 299 381 cie.
327 337 393 380 De
419 337 506 380 div.
530 336 564 379 Ι.
596 336 705 379 130:
738 334 950 377 «illustris
977 338 1021 377 et
1035 334 1264 390 perlucida
1281 335 1454 378 stella».
1482 335 1706 378 Tibullum

213 413 379 456 imitari
414 412 589 455 videtur
624 410 821 454 Martial.
858 410 957 453 XII.
1000 412 1069 460 38,
1114 412 1154 454 3.
1195 411 1250 453 de
1286 412 1382 453 viro
1421 410 1705 454 effeminato:

218 490 373 533 «Crine
397 489 560 538 nitens,
587 488 717 542 niger
739 490 982 542 unguento,
1005 487 1448 542 perlucidus-ostro»,
1477 488 1596 529 unde
1614 488 1707 529 elu-

212 571 281 610 cet
305 580 398 608 non
436 565 507 620 agi
545 565 630 607 hoe
666 564 765 606 loco
804 563 857 606 de
894 565 1095 607 vestibus
1134 564 1237 608 Cois
1272 565 1573 614 translucidjs,
1600 579 1707 607 nam

211 645 324 687 tales
347 646 491 686 vestes
517 655 574 683 ne
602 641 847 684 effeminati
879 641 1059 696 quidem
1084 642 1169 684 viri
1193 642 1421 696 gerebant.
1449 642 1586 685 Coam
1611 657 1707 684 ves-

210 725 301 764 tem
325 720 439 775 gerit
462 718 689 761 interdum
704 719 858 761 Venus
879 719 950 770 (cf.
976 718 1166 773 figuram
1183 719 1302 774 apud
1326 719 1705 762 Baumeisterum:

209 797 491 845 Denkmffler,
520 810 554 838 s.
580 810 622 839 v.
648 796 922 851 Aphrodite),
953 796 1031 839 sed
1056 797 1174 852 quod
1211 797 1337 839 decet
1362 798 1595 847 Venerem,
1624 798 1706 839 mi-

210 875 331 917 nime
357 874 483 916 decet
507 874 741 922 Iunonem,
770 872 900 916 deam
926 877 1096 916 castam
1127 875 1198 926 (cf.
1223 875 1342 917 infra
1368 888 1432 917 vs.
1463 875 1546 926 14).
1571 874 1707 916 Intel-

207 953 305 1007 lege
330 953 492 1007 igitur:
520 951 603 994 dea
641 952 796 994 favens
822 954 866 993 et
902 953 1098 1007 propitia
1136 953 1250 995 bene
1288 955 1448 994 ornata
1486 954 1529 994 et
1564 951 1708 994 nitida

210 1031 325 1074 adsit
363 1029 591 1081 sacrificio,
619 1033 670 1072 ut
701 1030 821 1071 infra
845 1029 902 1073 IL
931 1031 971 1079 5,
1001 1031 1130 1076 7-8.
1154 1029 1208 1071 de
1233 1030 1468 1084 Apolline:
1503 1028 1614 1071 «Sed
1638 1030 1706 1071 ni-

126 1115 133 1124 ·
209 1094 328 1151 tidus
353 1108 625 1163 pulcherque
653 1107 782 1150 veni:
821 1120 941 1149 nunc
967 1106 1105 1149 indue
1131 1111 1301 1151 vestem
1328 1106 1624 1162 Sepositam».
1649 1130 1708 1136 —

210 1184 293 1228 tibi
316 1184 368 1240 fit
395 1184 498 1234 libo,
528 1185 673 1226 faeere
713 1184 863 1238 aliqua
889 1197 961 1225 re:
990 1183 1235 1226 sacrificare
1250 1199 1262 1234 ;
1293 1183 1414 1226 fieri:
1444 1182 1705 1233 sacrificari3

208 1264 261 1305 cf.
288 1261 418 1316 Verg.
444 1261 537 1303 Eel.
578 1262 614 1312 3,
658 1262 740 1303 77:
774 1260 910 1303 «Cum
936 1261 1098 1302 faciam
1123 1261 1263 1303 vitula
1300 1274 1380 1316 pro
1409 1260 1633 1314 frugibus»
1665 1263 1709 1302 et

209 1340 302 1382 Liv.
331 1338 551 1382 XXXVII.
580 1339 630 1381 3:
664 1337 863 1390 «Quibus
889 1337 975 1380 diis
1002 1337 1240 1381 decemviri
1266 1351 1318 1379 ex
1341 1337 1469 1379 libris
1495 1340 1546 1379 ut
1569 1336 1705 1387 fieret,

211 1417 485 1460 ediderant».
508 1439 550 1445 —-
590 1414 695 1465 libo,
719 1416 774 1457 cf.
801 1414 904 1457 adn.
931 1428 1066 1470 supra
1093 1414 1149 1456 ad
1184 1414 1217 1456 L
1260 1415 1298 1464 7,
1339 1415 1420 1456 54:
1467 1414 1622 1456 «liba».
1650 1438 1710 1443 —-

209 1492 420 1549 Prtecipit
443 1494 495 1542 et,
523 1492 836 1546 praecipitque:
866 1491 1088 1534 artissime
1114 1505 1215 1533 eum
1240 1483 1522 1546 pentametro
1546 1504 1706 1546 praece·

209 1571 341 1614 dente
363 1568 668 1624 iungendum;
694 1571 839 1610 mater
863 1569 986 1611 enim
1003 1569 1150 1611 adstat
1164 1568 1267 1611 ffliae
1286 1569 1553 1612 sacrificanti
1580 1571 1707 1625 eique

211 1646 406 1703 optanda
430 1646 645 1702 praecipit.
673 1644 738 1688 Cf.
764 1646 884 1688 infra
908 1646 966 1688 H.
994 1648 1034 1697 2,
1069 1648 1202 1689 8—9.
1230 1646 1283 1689 de
1322 1646 1551 1693 sacrificio.
1591 1646 1708 1702 quod

214 1724 356 1768 Genio
383 1723 622 1766 Cerinthus
661 1723 813 1766 offert:
847 1723 1073 1776 «(Genius)
1099 1726 1222 1766 satur
1246 1725 1338 1767 libo
1367 1725 1425 1766 sit
1449 1723 1714 1778 madeatque

212 1814 348 1851 mero,
376 1799 568 1843 Adnuat
602 1803 655 1849 et,
691 1800 896 1851 Cornuto,
926 1801 1019 1851 tibi,
1061 1801 1371 1855 quodcumque
1410 1802 1631 1856 rogabis».
1661 1825 1716 1830 —

212 1877 430 1928 studiosa,
472 1891 552 1931 pro
591 1877 831 1919 adverbio:
873 1877 1084 1927 studiose,
1128 1877 1473 1932 diligentissime
1514 1878 1716 1932 praeeipit

213 1954 315 1996 filiae
342 1954 551 2009 optanda.
568 1978 626 1984 ——
642 1952 765 2013 quod
782 1955 912 2010 optet,
932 1954 991 2004 id,
1020 1954 1138 2009 quod
1154 1954 1249 1996 filia
1266 1957 1402 2009 optet.
1422 1979 1481 1984 —
1503 1953 1655 1998 aliud.
1675 1988 1684 1996 .
1704 1987 1715 1997 .

212 2033 359 2088 royat,
389 2044 446 2073 sc.
475 2044 673 2073 amorem
699 2031 916 2083 Cerinthi‚
951 2044 1221 2086 quamquam
1246 2035 1391 2074 mater
1430 2031 1578 2073 noluit
1615 2044 1714 2073 eam

214 2107 426 2150 Cerintho
451 2108 501 2150 in
532 2108 871 2151 matrimonium
898 2107 1016 2151 dare.
1038 2132 1098 2138 -—
1125 2108 1264 2152 tacita
1286 2142 1295 2151 .
1320 2141 1331 2151 .
1357 2142 1365 2150 .
1394 2110 1558 2161 mente,
1583 2108 1710 2158 clam,

213 2197 270 2226 ne
296 2188 438 2226 mater
463 2184 644 2235 audiat;
671 2186 726 2227 ef.
754 2183 831 2227 Ov.
858 2185 954 2228 Am.
982 2185 1018 2228 Ι.
1045 2187 1084 2236 4,
1115 2187 1197 2228 23:
1230 2186 1391 2228 «tacita
1418 2184 1538 2240 quod
1562 2186 1713 2227 mente

213 2261 455 2315 loquaris».
481 2286 540 2291 —
565 2261 663 2305 iam
686 2274 784 2313 sua,
815 2263 885 2304 sui
909 2263 1034 2313 iuris,
1063 2277 1191 2306 suam
1207 2264 1489 2306 voluntatem
1516 2263 1712 2312 habens;

213 2338 266 2379 ef.
284 2337 404 2379 Pers.
423 2336 515 2380 Sat.
532 2338 583 2381 V.
600 2339 671 2381 88.
689 2338 743 2381 de
762 2353 888 2382 servo
902 2341 1203 2383 manumisso:
1233 2341 1462 2383 «Vindicta
1476 2343 1715 2395 postquam

214 2427 341 2456 meus
366 2427 393 2456 a
418 2418 608 2469 praetore
634 2416 820 2458 recessi»
840 2431 852 2467 ς
878 2417 1023 2459 Plaut.
1056 2417 1177 2460 Pers.
1203 2418 1320 2460 472:
1354 2431 1461 2460 «sua
1485 2430 1606 2459 nune
1633 2420 1711 2467 est,

214 2504 315 2533 mea
341 2492 505 2533 ancilla
530 2504 627 2547 quae
659 2493 802 2543 fuit»;
844 2492 998 2536 Senec.
1037 2493 1120 2548 Ep.
1147 2495 1216 2545 20,
1250 2496 1298 2536 1:
1340 2493 1412 2537 «Si
1450 2496 1494 2536 te
1529 2493 1714 2548 dignum

213 2569 360 2622 putas,
388 2569 462 2623 qui
490 2568 732 2623 aliquando
752 2569 834 2612 fias
859 2573 1007 2614 tuus».
1451 2551 1453 2555 Ι

272 2643 323 2687 V.
355 2645 407 2687 17
427 2646 541 2688 -ΞΟ,
577 2642 747 2696 Uritur,
775 2647 830 2689 ef.
856 2646 957 2691 adn.
987 2661 1121 2703 supra
1138 2647 1194 2690 ad
1210 2647 1281 2690 IV.
1302 2649 1341 2699 5,
1371 2650 1422 2690 5:
1457 2647 1638 2691 «Uror».
1656 2670 1714 2676 —

214 2719 321 2773 Nec,
350 2721 482 2765 liceat
506 2723 731 2779 quamviS,
764 2735 886 2767 sana
910 2723 1058 2781 fuisse
1082 2723 1200 2771 velit.
1230 2724 1284 2766 de
1313 2738 1476 2775 amore,
1505 2728 1556 2766 ut
1581 2736 1716 2777 supra
