1942 3132
246 241 294 276 88
822 254 877 282 AD
899 255 929 284 1.
954 253 987 291 8,
1012 253 1182 283 47—54.

246 373 356 413 los».
385 395 445 399 ——
471 383 500 413 a
527 370 680 426 stirpe,
709 370 923 420 funditus,
950 371 1176 412 radicitus.
1197 395 1255 398 ——
1270 370 1436 426 faciem
1464 404 1473 412 .
1503 403 1511 412 .
1541 402 1551 412 .
1578 383 1762 426 novam,

246 447 502 490 iuvenilem.
530 471 589 475 —
614 446 798 502 dempta
817 448 953 503 pelle,
980 461 1036 489 se.
1066 450 1166 489 oute
1194 460 1367 500 rugosa.
1397 471 1455 475 —
1480 446 1668 503 referre,
1693 461 1757 489 re·
1830 440 1834 445 ’

251 524 423 576 ducere,
450 525 697 566 restituere.

306 601 356 643 V.
385 602 576 643 47-—50.
605 599 666 643 At
691 603 752 652 tu,
781 599 893 644 dum
912 602 1058 657 prim-i
1096 603 1226 657 floret
1255 601 1339 643 tibi
1377 601 1595 656 temporis
1622 603 1762 652 aetas,

257 675 415 720 Utere:
440 691 535 721 non
574 677 706 721 tardo
735 678 907 722 labitur
931 678 1018 721 illa
1037 678 1166 734 pede,
1194 679 1343 720 locum
1370 679 1606 720 imitantur
1630 678 1759 733 Prop.

248 755 320 797 IV.
350 757 391 806 5,
431 756 635 798 57—58:
669 755 809 797 «Dum
847 744 1006 798 vernat
1044 756 1240 809 sanguis,
1282 756 1389 797 dum
1430 756 1552 809 rugis
1590 756 1764 809 integer

253 845 414 882 annus,
442 832 588 882 Utere,
631 846 688 874 ne
715 833 821 887 quid
848 846 944 874 eras
984 833 1093 874 libet
1121 833 1176 874 ab
1205 847 1279 874 ore
1308 833 1426 874 dies»
1461 835 1504 874 et
1530 831 1606 874 Ov.
1634 833 1683 874 A.
1711 833 1760 874 A.

250 909 327 951 ΙΠ.
360 910 535 951 61—62
552 926 561 952 ε
595 909 735 951 «Dum
762 910 868 951 lieet
885 912 929 952 et
944 924 1106 952 vernos
1125 911 1262 952 etiam
1279 923 1399 951 nunc
1426 910 1587 963 degitis
1605 923 1763 961 annos,

254 985 441 1027 Ludite:
469 989 577 1027 eunt
604 987 711 1027 anni
738 999 862 1028 more
889 986 1071 1028 fluentis
1099 1000 1266 1040 aquae».
1286 1011 1344 1013 —
1365 985 1512 1041 primi
1529 1019 1539 1027 .
1560 1018 1596 1027 ..
1629 984 1762 1029 Tem-

246 1061 380 1117 poris
421 1064 566 1111 aetas,
609 1062 829 1111 iuventus,
873 1065 923 1104 ut
962 1063 1090 1117 Prop.
1135 1063 1191 1104 II.
1239 1064 1304 1112 10,
1335 1064 1387 1105 ss:
1421 1063 1580 1104 «Aetas
1619 1063 1765 1116 prima

251 1141 384 1181 canat
408 1138 618 1190 Veneres,
647 1143 843 1181 extrema
864 1141 1129 1182 tumultus».
1150 1140 1446 1195 —temporis
1474 1142 1616 1192 aetaS,
1643 1140 1765 1182 loeu-

252 1216 315 1258 tio
353 1216 643 1270 pleonastiea,
683 1219 733 1257 ut
771 1217 898 1258 Luer.
928 1217 960 1258 Ι.
991 1218 1104 1259 558:
1138 1216 1346 1258 «Infinita
1383 1219 1491 1259 aetas
1533 1219 1637 1258 ante
1680 1215 1767 1258 aeti
1831 1198 1833 1200 .
1904 1203 1906 1206 ”

254 1294 471 1347 temporis
514 1294 687 1335 omnis»
720 1295 763 1335 et
803 1294 930 1348 Prop.
965 1294 998 1335 Ι.
1040 1296 1082 1344 4,
1111 1295 1164 1336 7:
1197 1294 1279 1335 «Et
1320 1307 1621 1348 quascumque
1662 1294 1768 1336 tulit

253 1370 438 1412 formosi
475 1372 693 1425 temporis
732 1374 894 1420 aetas»;
935 1372 986 1412 ef.
1026 1372 1162 1412 etiam
1199 1371 1326 1424 Prop.
1368 1371 1400 1412 Ι.
1444 1372 1484 1422 7,
1512 1372 1566 1413 8:
1599 1372 1767 1412 «aetatis

254 1450 458 1501 tempora
484 1447 594 1489 dura
613 1449 779 1502 queri».
795 1473 854 1476 κ
879 1446 1010 1491 Utere
1027 1465 1039 1489 .·
1059 1460 1154 1490 non
1182 1447 1314 1491 tardo
1343 1447 1516 1490 labitur
1540 1447 1627 1490 illa
1636 1446 1765 1502 pede,

255 1538 434 1566 versum
472 1525 674 1566 imitatur
713 1524 789 1567 Ov.
819 1525 866 1566 A.
903 1526 951 1566 A.
981 1525 1059 1566 ΠΙ.
1103 1527 1186 1567 65;
1221 1525 1475 1567 «Utendum
1517 1528 1584 1566 est
1624 1525 1766 1574 aetate,

256 1603 344 1644 cito
370 1602 482 1656 pede
508 1602 674 1644 labitur
700 1605 849 1644 aetas».
879 1627 938 1630 —
972 1600 1120 1654 Utere,
1149 1615 1205 1644 sc.
1236 1603 1480 1644 iuventute.

314 1678 363 1719 V.
394 1680 583 1721 50ffl54.
630 1681 796 1732 tenero,
837 1680 943 1734 quia
982 1694 1094 1733 puer
1134 1683 1213 1721 est.
1251 1705 1307 1707 —
1345 1692 1440 1722 non
1480 1679 1552 1721 illi
1593 1678 1770 1721 sontica

257 1768 400 1798 eausa
441 1757 519 1805 est,
562 1769 617 1798 se.
663 1769 741 1797 cur
781 1756 975 1810 palleat3
1017 1770 1110 1798 non
1158 1757 1332 1798 laborat
1377 1755 1533 1797 morbo
1581 1755 1767 1797 sontico.

258 1833 321 1875 Cf.
352 1832 463 1876 Gell.
492 1833 542 1874 N.
571 1833 619 1874 A.
650 1833 742 1875 XX.
778 1835 826 1876 1:
861 1833 1092 1875 «Morbum
1118 1833 1518 1883 vehementiorem,
1545 1833 1636 1874 vim
1674 1845 1770 1886 gra-

259 1910 374 1952 viter
399 1911 590 1951 nocendi
617 1911 859 1952 habentem
885 1943 894 1952 .
925 1943 934 1952 .
966 1943 975 1952 .
1004 1911 1212 1953 morbum
1241 1911 1463 1953 sonticum
1496 1909 1768 1963 appellant».

260 1986 403 2038 Quare
441 1987 624 2028 morbus
664 1987 862 2029 sonticus
901 1988 949 2028 in
989 1987 1166 2028 iudiciis
1220 1987 1339 2028 diem
1389 1986 1621 2027 differebat
1657 1987 1771 2027 teste

260 2062 455 2104 Marcell.
484 2063 650 2116 Digest.
680 2065 749 2114 492,
784 2066 820 2115 1,
851 2066 918 2106 60.
949 2062 1137 2107 Sontiea
1176 2077 1320 2107 causa
1359 2066 1425 2105 est
1462 2063 1600 2117 igitur
1638 2074 1773 2103 eausa

262 2155 313 2181 ex
344 2141 500 2182 morbo
541 2142 728 2192 sontico,
768 2145 819 2183 ut
857 2143 994 2184 etiam
1032 2142 1151 2183 Fest.
1182 2156 1213 2184 s.
1242 2156 1280 2184 v.
1312 2143 1367 2195 (p.
1397 2142 1496 2182 514.
1528 2139 1592 2182 ed.
1623 2139 1772 2180 Thew-

262 2218 393 2268 rewk)
419 2217 558 2259 docet.
588 2244 646 2246 -——
675 2219 781 2270 luto,
811 2220 959 2260 colore
997 2219 1194 2273 pallido;
1233 2220 1379 2261 lutum
1417 2218 1598 2272 proprio
1639 2229 1774 2258 sensu

264 2295 330 2333 est
357 2293 507 2343 herba,
537 2308 671 2347 quam
696 2296 780 2337 viri
809 2295 926 2337 docti
953 2296 1085 2337 hodie
1125 2294 1336 2338 ‘resedam
1374 2294 1594 2337 luteolam
1618 2291 1669 2334 L.
1697 2305 1772 2334 vo·

265 2371 380 2418 eant,
409 2383 460 2409 ex
486 2383 573 2422 qua
599 2372 881 2424 pigmentum
920 2371 1022 2414 flavi
1064 2371 1225 2414 eoloris
1252 2370 1550 2412 conficiebant
1575 2368 1772 2422 antiqui3

267 2446 318 2486 cf.
348 2445 454 2486 Hor.
484 2445 621 2499 Epod.
657 2449 721 2497 10,
756 2449 834 2490 16:
868 2449 1039 2502 «pallor
1075 2448 1266 2489 luteus».
1296 2472 1355 2475 —-
1389 2445 1468 2490 Vel
1506 2446 1647 2488 miser
1685 2443 1771 2486 ab-

268 2523 399 2576 senti,
426 2523 586 2576 iunge:
614 2526 750 2566 miser
774 2539 886 2579 puer
910 2526 980 2568 vel
1009 2525 1183 2566 absenti
1209 2526 1251 2576 (i.
1282 2539 1318 2566 e.
1347 2537 1441 2566 non
1466 2522 1676 2577 praesenti
1705 2534 1773 2563 so-

267 2599 377 2650 lum,
405 2599 481 2640 sed
508 2601 640 2642 etiam
669 2603 859 2654 absenti)
884 2603 1045 2656 puellae
1074 2603 1277 2657 querelas
1304 2601 1478 2643 conicit.
1507 2624 1567 2628 —
1595 2597 1772 2648 conicit,

264 2677 320 2717 ‘ut
344 2675 471 2729 Prop.
500 2675 555 2716 II.
590 2677 624 2725 1,
656 2678 737 2718 77:
771 2681 928 2719 «mutae
955 2679 1049 2720 iace
1075 2678 1210 2719 verba
1252 2677 1455 2719 favillae».
1484 2699 1543 2703 —
1571 2674 1775 2716 lacrimis

272 2752 429 2796 omnia
459 2742 603 2809 plena
641 2753 841 2806 madent,
880 2769 972 2797 non
999 2756 1149 2796 vultus
1189 2755 1347 2803 solum,
1377 2751 1454 2794 sed
1493 2764 1650 2793 omnes
1687 2764 1774 2801 res,
