1942 3132
477 741 566 795 IN
602 738 996 795 NATALEM
1032 736 1396 794 GORNUTI.

751 957 840 997 Lib.
869 956 924 997 Π.
955 957 1068 1007 eleg.
1095 959 1135 996 2.

253 1107 625 1153 Introductio.
652 1107 877 1170 0932an
914 1107 1112 1149 natalem
1144 1121 1276 1148 suum
1313 1107 1519 1148 celebrat.
1558 1106 1694 1149 Poeta

196 1188 374 1229 invocat
412 1185 618 1233 Genium,
659 1187 709 1225 ut
746 1196 869 1226 sacro
905 1184 1126 1237 propitius
1164 1183 1279 1225 adsit
1315 1185 1478 1235 (1—8).
1515 1183 1696 1225 Adnuat

195 1264 403 1313 Cornuto,
433 1262 742 1317 quodcumque
768 1264 1003 1315 rogaturus
1021 1262 1104 1310 sit;
1133 1261 1214 1302 scit
1236 1261 1356 1302 enim
1374 1260 1576 1302 Tibullus
1592 1274 1693 1302 eum

195 1343 300 1383 ante
328 1340 480 1382 omnia
516 1338 628 1381 fidos
665 1352 842 1380 amores
878 1338 1029 1380 uxoris
1068 1340 1327 1392 rogaturum
1362 1338 1555 1388 (9-16).
1581 1337 1696 1379 Vota

200 1419 541 1471 nuncupantur:
583 1418 717 1470 poeta
754 1419 903 1458 autem
942 1417 1076 1469 optat,
1119 1417 1169 1456 ut
1206 1414 1348 1456 amico
1375 1417 1478 1455 vota
1515 1413 1693 1455 facienti

201 1494 329 1537 bonae
356 1494 450 1536 avis
475 1494 573 1535 loco
599 1493 737 1534 Amor
762 1492 906 1534 alatus
935 1494 1148 1546 appareat
1173 1492 1392 1543 (17-20).
1421 1491 1475 1532 In
1499 1490 1588 1532 fine
1613 1491 1694 1532 ite-

202 1585 300 1614 rum
328 1570 523 1614 Genium
543 1570 735 1617 invocat,
754 1572 806 1611 ut
831 1569 1095 1623 coniugibus
1121 1569 1294 1622 prolem
1323 1568 1397 1609 det
1423 1569 1645 1619 (ΞΡ-22).

262 1647 484 1691 Cornutus
510 1648 540 1689 i.
567 1660 604 1689 e.
631 1646 872 1690 Corinthus
898 1659 1019 1688 nunc
1045 1647 1137 1687 iam
1161 1645 1350 1687 maritus
1385 1648 1453 1687 est
1495 1643 1702 1698 Sulpiciae

203 1724 463 1778 videturque
490 1724 692 1765 Tibullus
719 1724 802 1765 hoc
828 1736 1007 1765 carmen
1029 1723 1173 1764 amico
1189 1723 1387 1777 primum
1404 1726 1507 1777 post
1522 1721 1704 1776 nuptias

203 1803 400 1844 natalem
428 1801 669 1844 celebranti
697 1800 937 1843 dedicasse.

264 1878 316 1920 V.
347 1880 470 1921 1—4.
499 1876 721 1920 Dicamus
749 1877 870 1920 bona
895 1876 1047 1925 verba,
1077 1877 1189 1917 festo
1217 1875 1289 1917 die
1317 1878 1361 1917 et
1385 1877 1607 1931 praecipue
1633 1875 1705 1918 die

206 1956 346 1998 natali
373 1969 465 1997 non
491 1955 579 1997 nisi
612 1955 733 1996 bona
758 1954 926 1996 ominis
951 1954 1085 1995 verba
1111 1956 1216 1995 sunt
1253 1953 1614 2007 pronuntianda;
1652 1955 1704 1996 cf.

209 2031 288 2075 Ov.
314 2032 435 2074 Fast.
462 2032 493 2074 I.
523 2032 724 2074 71—72:
758 2031 1003 2086 «Prospera
1034 2031 1110 2072 lux
1136 2031 1301 2072 oritur:
1330 2031 1497 2084 linguis
1524 2031 1706 2072 animis-

209 2124 295 2166 que
321 2111 490 2152 favete!
517 2109 644 2152 Nunc
678 2108 867 2151 dicenda
903 2108 1021 2151 bona
1058 2111 1164 2151 sunt
1202 2108 1320 2149 bona
1358 2108 1491 2149 verba
1528 2108 1624 2149 die»
1663 2110 1708 2149 et

208 2187 338 2230 Trist.
364 2186 415 2229 V.
443 2188 483 2236 5,
511 2188 643 2229 5-6.
670 2185 721 2228 de
749 2187 890 2228 natali
927 2187 1106 2228 uxoris:
1152 2186 1350 2240 «Lingua
1389 2186 1543 2226 favens
1578 2184 1704 2234 adsit,

207 2266 465 2306 nostrorum
506 2262 644 2305 oblita
669 2263 903 2312 malorum,
933 2263 1051 2315 Quae,
1080 2266 1202 2317 puto,
1239 2262 1450 2304 dedidicit
1475 2263 1565 2304 iam
1591 2261 1709 2304 bona

207 2341 344 2383 verba
368 2341 536 2395 loqui».
561 2363 620 2370 —
644 2339 766 2383 venit
791 2337 976 2383 Natalis
1000 2338 1063 2383 ad
1089 2352 1211 2389 aras,
1246 2340 1337 2381 iam
1362 2340 1513 2382 veniet
1538 2339 1710 2382 Genius

210 2416 475 2460 sacrificium
501 2417 706 2466 visurus;
731 2417 787 2459 cf.
812 2417 932 2459 infra
948 2417 1005 2459 Π.
1024 2419 1064 2469 5,
1084 2418 1215 2459 5-6.
1234 2417 1290 2459 ad
1306 2417 1523 2459 Phoebum
1541 2432 1551 2458 :
1585 2416 1709 2470 «Ipse

210 2494 474 2549 triumphali
499 2493 732 2536 devinctus
763 2497 966 2548 tempora
1000 2493 1140 2544 lauro,
1181 2493 1301 2535 Dum
1339 2492 1571 2536 cumulant
1597 2506 1707 2542 aras,

212 2570 267 2614 ad
293 2574 372 2614 tua
396 2583 522 2613 sacra
547 2571 695 2613 venin.
720 2594 781 2600 ——
812 2568 1011 2620 Natalis,
1052 2570 1250 2620 Genius;
1282 2571 1337 2612 cf.
1365 2570 1467 2612 adn.
1495 2583 1630 2625 supra
1656 2569 1711 2611 ad

211 2647 286 2690 IV.
312 2650 351 2699 5,
383 2649 453 2691 19.
478 2671 537 2677 —
562 2645 623 2690 ad
649 2659 774 2698 aras,
803 2647 858 2689 of.
884 2645 964 2690 Ov.
989 2647 1120 2690 Trist.
1145 2647 1196 2689 V.
1223 2648 1262 2697 5,
1300 2647 1462 2689 9—10.
1487 2647 1542 2688 de
1569 2645 1711 2687 natali

212 2724 387 2767 uxoris:
420 2725 617 2779 tAraque
642 2724 877 2779 gramineo
902 2723 1058 2767 viridis
1095 2723 1149 2766 de
1188 2724 1366 2778 caespite
1402 2722 1481 2765 fiat
1517 2723 1574 2765 Et
1597 2723 1714 2764 velet
