1942 3132
280 200 349 236 242
845 218 900 246 AD
925 219 972 248 11.
995 218 1028 256 4,
1055 218 1194 248 7—10.

282 334 361 375 38:
408 334 575 375 «vincla
612 335 819 387 pedum».
846 361 903 364 —
928 349 1169 391 nunquam
1193 336 1358 379 misero
1384 337 1536 381 vincla
1560 339 1764 391 remittit,

282 410 457 459 relaxat,
487 412 536 450 ut
563 409 639 451 Ov.
663 410 766 452 Met.
794 412 868 453 IX.
895 414 1002 454 315:
1037 412 1217 453 «vinclis
1244 413 1366 454 levor
1390 414 1488 468 ipsa
1514 416 1762 466 remissis»;

281 487 334 527 cf.
361 485 467 527 Hor.
498 485 638 528 Garm.
667 487 745 528 ΙΙΙ.
773 489 841 537 27,
872 489 1058 530 67—68.
1090 488 1141 529 de
1168 489 1352 535 Amore:
1387 491 1595 532 «remisso
1621 491 1763 535 Filius

283 576 409 604 arcu»
442 565 484 604 et
511 561 585 605 Ov.
616 563 743 605 Trist.
769 564 802 605 I.
830 565 869 613 4,
903 566 979 606 14:
1015 564 1228 606 «Cervicis
1252 564 1401 619 rigidae
1428 567 1553 608 frena
1578 569 1766 610 remittit

285 653 440 692 equo».
468 664 526 668 —
553 652 694 689 amor,
736 655 860 682 amor
896 655 1034 684 meus⁴
1064 642 1091 683 i.
1122 656 1156 683 e.
1196 642 1347 695 puella
1386 646 1544 694 amata,
1586 644 1766 687 domina

282 729 393 764 mea,
422 719 471 757 ut
495 716 613 758 infra
636 730 699 759 vs.
726 718 808 759 47:
837 720 1032 759 «veteres
1058 721 1293 759 veneratus
1321 732 1517 761 amores»
1544 720 1572 761 i.
1593 734 1629 762 e.
1647 723 1763 762 vete-

285 806 377 833 rem
404 794 617 842 amicam3
644 793 695 834 cf.
726 793 826 835 adn.
854 807 988 847 supra
1026 794 1081 835 ad
1118 794 1151 835 Ι.
1193 795 1229 843 6,
1274 796 1352 836 35:
1399 796 1536 838 «alios
1575 797 1793 851 suspirat

283 882 482 911 amores»
515 872 559 911 et
584 869 660 912 Ov.
686 870 791 911 Her.
824 872 888 920 16,
919 873 998 912 96ε
1034 870 1141 912 «Sed
1177 872 1387 926 nymphis
1415 874 1550 915 etiam
1576 888 1765 929 curaque

285 959 494 1000 amorque
521 946 626 987 fui».
668 945 919 988 Pronomen
957 948 1258 1000 possessivum
1295 961 1424 991 meus
1463 951 1689 1000 omissum,
1717 955 1767 993 ut

283 1022 411 1076 Prop.
438 1023 471 1064 Ι.
501 1024 539 1070 2,
572 1024 619 1064 1:
654 1023 791 1075 «Quid
828 1024 951 1066 iuvat
977 1027 1133 1066 ornato
1166 1026 1417 1079 procedere,
1445 1028 1547 1077 vita,
1576 1029 1761 1083 capillo»

283 1100 312 1141 i.
340 1113 374 1141 e.
399 1113 499 1141 mea
523 1100 626 1149 vita,
655 1114 754 1141 mea
782 1102 932 1143 amica.
963 1101 1116 1143 Puella
1145 1105 1387 1144 amatorem
1408 1105 1606 1146 vinctum
1632 1108 1764 1156 tenet,

285 1179 334 1218 ut
361 1190 494 1231 supra
519 1178 552 1219 Ι.
581 1179 619 1227 9,
650 1179 673 1219 7
679 1180 728 1220 9:
764 1192 857 1220 «me
882 1179 1082 1220 vinctum
1107 1193 1219 1232 puer
1241 1181 1352 1222 alter
1370 1178 1573 1223 habebit»
1603 1186 1646 1224 et
1669 1183 1715 1225 L
1731 1185 1768 1234 1,

285 1256 364 1296 55:
404 1253 498 1295 «Me
528 1255 721 1296 retinent
745 1256 943 1296 vinctum
975 1257 1179 1297 formosae
1206 1257 1351 1298 vincla
1375 1259 1558 1311 puellae»
1593 1262 1635 1300 et
1660 1259 1768 1302 Hor.

286 1330 426 1374 Carm.
455 1333 526 1374 IV.
560 1334 624 1383 11,
654 1335 852 1375 23524:
899 1334 1102 1387 «(puella)
1139 1337 1346 1388 tenetque
1386 1338 1510 1388 grata
1548 1334 1769 1389 Compede

283 1408 523 1450 vinctum».
552 1434 610 1438 -—
635 1422 716 1452 seu
743 1409 853 1465 quid
877 1410 1024 1453 merui
1057 1423 1136 1452 seu
1167 1411 1235 1453 nil
1263 1411 1559 1465 peccavimus,
1598 1414 1648 1453 ut
1673 1412 1766 1454 Ter.

284 1485 419 1527 Andr.
445 1485 479 1526 Ι.
510 1487 546 1536 1,
579 1487 685 1527 1102:
727 1486 866 1537 «Quid
891 1487 1007 1528 fecii>
1032 1486 1137 1539 quid
1161 1488 1404 1528 commerui
1432 1490 1508 1529 aut
1532 1490 1764 1542 peccavi‘i»

283 1586 341 1590 —
366 1563 528 1614 merui,
556 1562 721 1616 deliqui
738 1578 749 1612 ;
787 1565 840 1605 cf.
869 1563 969 1605 adn.
999 1578 1133 1617 supra
1161 1564 1215 1605 ad
1240 1565 1274 1606 Ι.
1318 1566 1383 1614 10,
1413 1567 1464 1606 5;
1510 1566 1611 1607 «ille
1637 1566 1772 1607 miser

286 1639 490 1680 meruit».
518 1663 576 1667 —-
602 1639 682 1691 nil,
711 1653 762 1680 ex
799 1639 1052 1689 coniectura
1089 1638 1292 1690 Heinsii;
1326 1641 1377 1682 cf.
1405 1641 1522 1683 infra
1549 1642 1649 1684 adn.
1677 1642 1772 1684 crit.

287 1714 342 1755 ad
367 1716 409 1756 h.
436 1716 464 1756 1,
493 1740 548 1744 -
577 1715 682 1767 urit,
717 1714 844 1766 Uror,
872 1716 929 1767 ic,
957 1728 1147 1766 remove,
1164 1729 1298 1759 ,sceva
1321 1717 1491 1772 puella,
1511 1717 1644 1773 faces,
1663 1718 1773 1759 allu-

289 1791 353 1832 dit
378 1791 434 1832 ad
460 1793 666 1834 servilem
688 1806 867 1846 poenam
883 1807 893 1841 3
927 1795 980 1834 cf.
1013 1793 1113 1835 adn.
1152 1805 1288 1847 supra
1314 1795 1367 1835 ad
1393 1794 1426 1836 Ι.
1467 1797 1505 1845 9,
1536 1796 1617 1837 21:
1662 1795 1773 1837 «Ure

289 1881 438 1909 meum
462 1869 611 1921 potius
637 1869 817 1912 flamma
843 1874 1018 1924 caput».
1046 1870 1178 1911 Hunc
1204 1871 1351 1911 locum
1378 1871 1556 1924 respicit
1580 1870 1771 1913 Martial.

289 1943 401 1985 XIV.
433 1946 527 1995 193,
561 1947 608 1988 1:
643 1946 791 1988 «Ussit
817 1950 1060 1989 amatorem
1091 1947 1292 1989 Nemesis
1318 1947 1484 1989 lasciva
1508 1947 1773 1990 Tibullum».

347 2020 398 2062 V.
426 2021 584 2064 7-—10.
617 2020 654 2064 O
682 2036 759 2079 690
786 2037 841 2067 ne
863 2025 1042 2080 possim
1073 2021 1186 2068 tales
1213 2024 1378 2066 sentire
1404 2022 1594 2075 dolores,
1627 2023 1777 2076 Quam

290 2097 478 2140 mallem
502 2099 552 2141 in
576 2098 741 2155 ,qelidis
768 2100 998 2143 montibus
1025 2113 1117 2143 esse
1162 2100 1294 2156 lapis,
1321 2101 1469 2142 locum
1496 2103 1597 2142 ante
1625 2101 1777 2142 oculos

290 2174 498 2217 habuisse
524 2177 731 2219 videntur
758 2178 832 2221 Ov.
860 2179 924 2219 Ex
949 2179 1073 2220 Pont.
1102 2179 1135 2219 Ι.
1169 2180 1208 2227 92,
1239 2179 1426 2220 31-32.
1455 2180 1498 2219 et
1524 2179 1603 2220 35:
1637 2177 1774 2218 «Feli-

292 2264 387 2292 cem
412 2252 596 2304 Nioben,
627 2255 828 2308 quamvis
855 2257 921 2296 tot
946 2255 1103 2296 funera
1128 2254 1250 2302 vidit,
1292 2255 1397 2306 Quae
1422 2254 1572 2307 posuit
1598 2266 1777 2295 sensum

294 2343 424 2371 saxea
450 2332 565 2372 facta
591 2332 699 2373 mali
723 2364 732 2373 .
757 2364 767 2373 .
790 2365 799 2373 .
839 2333 921 2373 Ille
950 2346 1030 2385 ego
1060 2346 1170 2381 sum,
1211 2333 1374 2372 frustra
1412 2331 1487 2384 qui
1527 2331 1643 2384 lapis
1683 2343 1778 2371 esse

293 2406 451 2447 velim»
500 2410 542 2448 et
582 2407 719 2461 Lygd.
758 2409 799 2458 4,
837 2409 917 2449 82:
964 2408 1023 2449 «A
1062 2421 1141 2461 ego
1186 2421 1241 2448 ne
1268 2407 1436 2460 possim
1476 2408 1602 2448 tanta
1631 2405 1778 2447 videre

293 2484 456 2525 mala».
482 2507 539 2512 ——
566 2481 698 2526 Stare
723 2483 792 2526 vel
818 2484 998 2526 insanis
1022 2485 1173 2526 cautes
1190 2482 1391 2525 obnoxia
1406 2483 1563 2536 ventis,
1579 2483 1632 2523 cf.
1649 2481 1776 2534 Verg.

295 2562 405 2604 Aen.
430 2561 503 2602 VI.
525 2562 638 2602 471:
672 2561 838 2612 «Quam
866 2561 902 2602 si
942 2560 1050 2602 dura
1077 2561 1186 2602 silex
1212 2562 1288 2601 aut
1316 2562 1401 2601 stet
1427 2558 1650 2612 Marpesia
1677 2570 1777 2598 cau—

294 2641 404 2680 tes».
433 2636 565 2680 Stare
595 2637 954 2678 immobilitatem
993 2635 1234 2690 signifieat3
1273 2636 1326 2677 cf.
1364 2634 1464 2676 adn.
1506 2646 1640 2687 supra
1676 2633 1710 2674 Ι.
1741 2634 1777 2682 1,

298 2716 377 2757 64:
411 2718 524 2757 «stat
550 2715 701 2757 silex».
727 2738 785 2742 -—
810 2713 989 2755 insanis
1012 2745 1021 2754 .
1047 2745 1056 2755 .
1082 2747 1090 2755 .
1126 2713 1282 2762 ventis,
1323 2710 1587 2759 furentibus,
1626 2711 1676 2751 ut
1702 2708 1781 2751 Ov.
