1942 3132
254 204 321 238 132
823 218 879 246 An
900 219 930 247 1.
956 217 987 258 1,
1015 216 1180 247 15—24.

311 333 360 376 V.
394 335 579 377 15--18,
618 332 767 377 Flava
810 332 957 387 Ceres,
1004 338 1053 376 ut
1098 335 1231 376 Hom.
1275 335 1326 376 Il.
1369 334 1419 377 V.
1464 337 1577 378 500:
1618 336 1751 393 ξανθὴ

253 409 450 469 Δημήτηρ
466 427 476 462 ;
504 412 555 453 cf.
583 411 711 464 Verg.
741 410 818 454 Ge.
844 412 878 454 Ι.
907 414 990 454 96;
1024 411 1184 453 «Flava
1211 410 1343 453 Ceres
1366 412 1456 453 alto
1482 414 1754 467 nequiquam¹

254 488 425 540 spectat
462 485 676 540 Olympo»
709 489 752 527 et
791 485 910 529 Serv.
951 487 1006 528 ad
1043 488 1085 529 h.
1114 488 1170 528 l.:
1204 486 1342 528 «flava
1375 487 1535 530 dicitur
1572 491 1755 543 propter

255 563 492 605 aristarum
534 565 729 605 colorem
770 563 818 605 in
859 565 1142 606 maturitate»
1152 579 1162 614 ;
1206 563 1281 606 Ov.
1323 565 1419 606 Am.
1462 565 1540 606 111.
1591 566 1656 614 10,
1701 567 1753 608 3:

260 639 419 681 «Flava
459 638 603 691 Ceres,
631 642 790 681 tenues
828 640 962 694 spicis
1001 641 1208 682 redimita
1246 640 1472 694 capillos».
1501 665 1560 669 —
1584 652 1755 683 corona

255 713 432 771 Spicea,
456 717 506 756 ut
530 715 638 757 Hor.
663 714 806 757 Carm.
847 729 942 758 saec.
985 717 1187 758 29—30:
1221 715 1424 757 «Fertilis
1463 717 1641 769 frugum
1677 730 1754 771 pe-

254 793 454 846 corisque
493 793 640 834 Tellus
680 792 837 846 Spicea
875 794 1010 835 donet
1049 793 1253 835 Cererem
1293 806 1499 834 corona».
1540 792 1603 835 Cf.
1631 794 1752 835 Paul.

252 868 371 910 Fest.
413 882 445 910 s,
485 881 523 910 v.
566 868 778 911 Sacrima
816 871 874 923 (p.
902 862 1003 912 4'65.
1034 869 1099 911 ed.
1128 869 1418 920 Thewrewk):
1452 870 1754 931 «praemetium

254 944 308 986 de
335 945 482 998 spicis,
501 958 610 998 quas
627 945 822 999 primum
838 946 1144 995 messuissent,
1166 945 1474 987 sacrificabant
1491 945 1682 987 Cereri».
1699 969 1757 974 —

253 1022 393 1064 ‘ruber
419 1024 586 1073 custos,
614 1025 709 1064 erat
734 1023 855 1064 enim
881 1023 1029 1078 Priapi
1069 1023 1358 1064 simulacrum
1385 1023 1432 1063 in
1458 1023 1599 1064 hortis
1638 1022 1755 1077 posi-

253 1102 350 1141 tum
381 1101 641 1154 plerumque
679 1099 820 1141 minio
858 1100 1054 1153 pictum;
1094 1100 1147 1141 cf.
1176 1099 1252 1142 Ov.
1280 1100 1400 1142 Fast.
1429 1100 1500 1141 VI.
1532 1101 1642 1141 333:
1675 1099 1757 1140 «At

255 1176 386 1219 ruber
410 1177 642 1218 hortorum
669 1180 841 1218 custos»
875 1180 918 1218 et
943 1177 1048 1219 ibid.
1075 1177 1108 1219 I.
1127 1179 1241 1219 415:
1266 1178 1345 1218 «At
1360 1178 1504 1227 ruber,
1525 1179 1757 1218 hortorum

255 1253 388 1295 decus
406 1258 450 1295 et
474 1254 626 1302 tutela,
655 1253 866 1307 Priapus»
876 1267 887 1302 3
915 1252 1058 1295 Carm.
1086 1253 1229 1307 Priap.
1263 1255 1299 1303 1,
1327 1255 1380 1295 5:
1414 1253 1569 1294 «ruber
1606 1254 1756 1295 horto-

255 1344 354 1372 rum
396 1332 569 1372 custos»
604 1332 647 1371 et
674 1331 743 1379 82,
774 1332 916 1373 6—8:
951 1331 1144 1384 «Priape,
1189 1332 1264 1384 qui
1303 1330 1383 1372 sub
1423 1331 1592 1372 arboris
1631 1344 1757 1372 coma

257 1407 383 1450 Soles
409 1440 419 1448 .
448 1439 458 1448 .
487 1440 497 1449 .
524 1406 675 1448 Ruber
717 1407 868 1448 sedere
911 1421 1012 1449 cum
1053 1408 1240 1450 rubente
1282 1409 1495 1450 fascino».
1535 1409 1668 1449 Plura
1702 1408 1756 1450 de

256 1485 415 1538 Priapo
440 1483 540 1526 vide
568 1497 702 1538 supra
739 1485 787 1525 in
825 1485 1157 1527 introductione
1185 1486 1238 1527 ad
1264 1486 1297 1528 Ι.
1326 1487 1366 1528 4.
1394 1511 1453 1514 —
1486 1485 1670 1528 Terreat
1706 1486 1756 1527 ut

256 1573 375 1602 sceva
396 1559 512 1616 falce
529 1558 730 1615 Priapus
750 1573 868 1610 aves,
887 1574 993 1602 nam
1010 1561 1197 1615 Priapus
1223 1562 1375 1603 dextra
1400 1562 1560 1603 falcem
1577 1562 1758 1603 tenebat

259 1640 436 1690 eratque
454 1635 689 1690 proprium
715 1636 787 1677 dei
815 1636 1008 1678 officium
1037 1639 1157 1679 fures
1177 1640 1219 1679 et
1238 1651 1339 1679 aves
1367 1651 1515 1679 arcere
1530 1652 1541 1687 ;
1568 1638 1621 1679 cf.
1649 1637 1756 1679 Hor.

259 1712 346 1756 Sat.
374 1714 407 1755 Ι.
437 1715 475 1763 8,
507 1714 647 1755 3—7:
681 1712 813 1754 «deus
839 1713 942 1754 inde
983 1727 1075 1765 ego,
1105 1714 1255 1754 furum
1293 1715 1531 1767 aviumque
1564 1714 1758 1755 Maxima

257 1789 472 1839 formid03
512 1803 617 1830 nam
644 1790 763 1830 fures
790 1789 942 1830 dextra
967 1793 1140 1831 coercet
1166 1790 1468 1844 Obscaenoque
1500 1791 1632 1832 ruber
1656 1805 1756 1845 por-

257 1869 403 1909 rectus
429 1865 483 1907 ab
509 1866 693 1918 inguine
718 1866 874 1919 palus3
900 1865 981 1907 Ast
1005 1867 1287 1920 importunos
1304 1868 1506 1909 volucres
1532 1867 1581 1908 in
1596 1867 1758 1909 vertice

258 1944 428 1987 arundo
455 1943 606 1984 Terret
642 1942 727 1985 fixa
753 1945 958 1999 vetatque
996 1944 1126 1985 novis
1163 1944 1394 1986 considere
1432 1945 1479 1985 in
1518 1945 1683 1986 hortis»
1715 1945 1760 1985 et

256 2021 383 2073 Verg.
427 2019 503 2062 Ge.
542 2019 614 2060 IV.
649 2021 906 2061 110—111:
941 2020 1020 2061 «Et
1057 2023 1206 2062 custos
1247 2021 1398 2062 furum
1436 2023 1567 2074 atque
1610 2022 1758 2062 avium

258 2112 358 2139 cum
405 2097 517 2138 falce
564 2097 739 2149 saligna
782 2097 1140 2151 Hellespontiaci
1187 2100 1330 2140 servet
1374 2099 1515 2139 tutela
1564 2098 1758 2152 Priapi»;

258 2174 334 2216 Ov.
362 2173 467 2215 Met.
495 2174 608 2216 XIV.
639 2175 750 2216 640:
785 2175 981 2228 «Quique
1021 2175 1130 2217 deus
1168 2177 1288 2217 fures
1328 2176 1399 2218 vel
1437 2176 1548 2216 falce
1586 2176 1656 2217 vel
1690 2177 1757 2217 in-

258 2251 392 2304 guine
430 2253 607 2291 terret».
635 2275 694 2279 -—
721 2263 844 2293 saeva
878 2251 1011 2307 falce,
1048 2254 1098 2293 ut
1136 2265 1269 2305 supra
1307 2252 1340 2294 Ι.
1380 2254 1422 2302 4,
1451 2254 1503 2294 8;
1537 2254 1758 2294 «armatus

260 2339 392 2368 curva
417 2359 427 2367 .
455 2359 465 2367 .
494 2359 504 2368 .
534 2327 644 2368 falce
672 2327 822 2368 deus».

317 2402 366 2443 V.
400 2403 584 2443 19ψ924.
612 2402 757 2458 felicis
799 2403 1049 2458 quondam,
1088 2417 1209 2448 nunc
1237 2406 1461 2460 pauperis
1498 2405 1612 2461 ami,
1654 2405 1756 2459 quia

258 2479 449 2519 maiores
476 2478 639 2518 Tibulli
666 2478 848 2519 ditiores
876 2480 1067 2528 fuerunt,
1097 2494 1229 2534 quam
1255 2484 1388 2535 poeta
1413 2481 1511 2535 ipse
1525 2495 1536 2530 3
1563 2481 1614 2522 cf.
1638 2481 1756 2521 infra

257 2568 343 2596 vss.
382 2555 571 2596 41—42.
615 2557 659 2595 et
697 2556 797 2597 adn.
840 2556 894 2597 ad
921 2557 962 2597 h.
992 2557 1025 2611 1„
1048 2582 1106 2585 ——
1132 2558 1294 2614 felicis,
1333 2559 1493 2606 divitis,
1534 2561 1584 2599 ut
1621 2558 1755 2600 etiam

261 2632 418 2674 beatus
445 2644 560 2684 saepe
586 2633 769 2685 ponitur
795 2646 902 2685 pro:
931 2633 1065 2675 dives.
1095 2660 1154 2662 ψ-
1179 2636 1284 2690 aqri
1308 2634 1514 2678 custodes
1539 2667 1549 2676 .
1578 2667 1588 2676 .
1617 2667 1626 2676 .
1655 2633 1753 2677 La-

259 2720 343 2761 res,
371 2707 516 2760 agitur
540 2708 594 2748 de
620 2707 808 2749 Laribus
848 2710 1155 2761 familiaribus,
1184 2713 1233 2753 in
1260 2724 1447 2767 quorum
1486 2711 1623 2752 tutela
1664 2713 1757 2752 erat
