1942 3132
283 219 356 255 332
877 237 1093 266 Excunsus
1112 235 1186 267 v11.

284 351 342 393 In
366 351 467 403 fine,
497 352 552 394 ad
578 353 792 406 epistulas
817 354 987 408 priores
1026 354 1242 406 alludens,
1282 355 1432 398 scribit
1467 369 1514 398 se
1552 357 1633 398 has
1670 370 1772 409 con-

288 429 505 471 fessiones
531 442 637 481 non,
662 432 713 471 ut
744 432 887 480 antea,
925 430 1088 473 tabulis
1127 431 1312 485 signatis
1351 432 1623 475 committere
1660 434 1774 476 velle

281 506 387 556 (vss.
417 507 613 558 7—10.):

445 606 538 645 Non
567 618 639 654 ego
668 607 845 656 siynatis
874 609 1090 658 quicqua-m
1118 608 1315 646 mandare
1345 609 1514 656 tabellis,

497 676 556 714 Ne
584 677 692 725 legat
719 677 763 715 id
791 689 924 724 nemo,
957 690 1077 727 quam
1106 690 1233 725 meuS,
1264 680 1369 725 ante,
1399 679 1534 726 velim,

447 745 526 785 Sed
554 759 742 796 peccasse
771 748 894 794 iuvat,
922 751 1057 787 vultus
1086 762 1330 799 componere
1359 750 1476 789 farnae

498 818 659 857 Taedet:
689 831 782 858 cum
811 819 934 867 digno
964 820 1088 868 digna
1116 805 1238 858 fuisse
1267 820 1385 860 ferar.

286 965 415 1008 Unde
441 967 525 1009 hoc
557 981 737 1008 carmen
774 969 976 1023 epistulis
1015 968 1218 1023 Sulpiciae
1257 969 1639 1012 adnumerandum
1678 983 1773 1013 esse

280 1042 531 1085 luculenter
557 1046 748 1098 apparet.
1231 1088 1233 1090 .

345 1119 520 1170 Contra,
551 1122 588 1163 si
613 1120 731 1162 idem
758 1134 934 1163 carmen
961 1122 1134 1164 Tibullo
1160 1123 1395 1165 tribuimus
1422 1126 1465 1165 et
1485 1123 1533 1165 in
1554 1123 1640 1166 fine
1662 1125 1772 1178 cycli

281 1196 525 1250 elegiarum
548 1197 600 1239 de
623 1196 821 1251 Sulpicia
842 1199 1105 1252 scriptarum
1126 1198 1212 1251 (IV.
1233 1200 1379 1252 2—6.)
1398 1200 1620 1253 ponimus,
1639 1213 1773 1242 sensu

284 1280 411 1327 paene
435 1287 582 1316 carere
604 1274 787 1316 videtur.
806 1275 918 1316 Nam
940 1275 1153 1326 Tibullus,
1173 1289 1440 1330 quamquam
1462 1279 1771 1331 argumentum

283 1350 574 1404 elegidiorum
607 1364 789 1393 suorum
830 1366 880 1393 ex
918 1352 1119 1406 epistulis
1158 1351 1362 1406 Sulpiciae
1398 1353 1559 1402 hausit,
1600 1367 1771 1396 amores

280 1427 378 1469 eius
403 1441 507 1477 non,
532 1431 580 1469 ut
603 1442 647 1469 re
668 1441 772 1469 vera
793 1428 1054 1478 acciderant,
1074 1429 1280 1478 narravit,
1300 1429 1377 1471 sed
1396 1432 1628 1483 poetarum
1649 1444 1770 1472 more

283 1505 481 1547 mutavit.
513 1504 706 1559 Sulpicia
734 1505 828 1546 eius
854 1518 946 1546 non
974 1508 1040 1546 est
1063 1505 1213 1558 puella
1237 1504 1395 1546 timida
1416 1507 1459 1546 et
1480 1505 1650 1559 pudica,
1675 1518 1770 1560 quae

282 1582 426 1623 amori
468 1582 541 1623 diu
582 1585 811 1636 repugnat,
855 1583 931 1624 sed
973 1583 1159 1624 heroina
1199 1582 1410 1624 fabulosae
1451 1582 1603 1631 aetatis,
1647 1583 1771 1625 cuius

281 1672 456 1701 amores
496 1673 587 1701 non
613 1663 872 1701 coercentur
908 1661 1007 1701 vitae
1046 1659 1278 1701 cotidianae
1316 1660 1573 1702 rationibus.
1611 1660 1771 1714 Aperte

282 1736 403 1777 enim
429 1737 546 1786 dicit,
577 1750 677 1778 cum
704 1736 964 1779 Cerinthum
989 1737 1182 1779 venandi
1209 1737 1354 1779 studio
1387 1750 1413 1778 a
1451 1750 1498 1779 se
1534 1736 1769 1780 abductum

280 1826 377 1854 esse
404 1814 600 1867 queritur
626 1814 711 1866 (IV.
742 1815 780 1864 3,
812 1816 1037 1860 15—-18.):

441 1924 544 1963 Tum
573 1926 689 1972 mihi,
719 1927 807 1964 tum
835 1926 1024 1975 placeant
1053 1926 1176 1970 silvae,
1208 1926 1254 1971 si,
1283 1926 1353 1963 lux
1380 1938 1483 1972 mea,
1512 1928 1647 1965 tecum

493 1996 652 2045 Arguar
678 1998 773 2035 ante
802 1997 912 2046 ipsas
943 1998 1210 2036 concubuisse
1238 1999 1400 2046 plagas:

441 2067 545 2106 'I'urn
572 2068 712 2106 veniat
739 2068 834 2106 licet
864 2068 914 2106 ad
943 2080 1087 2113 casses,
1117 2068 1282 2106 inlaesus
1312 2068 1449 2118 abibit,

493 2139 551 2178 Ne
592 2139 754 2177 Veneris
783 2139 948 2187 cupidae
975 2139 1136 2187 ‚qaudia
1164 2137 1300 2176 turbet
1327 2151 1436 2188 aper.

279 2272 363 2314 Die
390 2277 538 2315 autem
564 2274 704 2316 natali
731 2273 930 2315 Cerinthi
955 2275 1018 2315 ita
1045 2275 1284 2328 alloquitur
1322 2277 1564 2316 amatorem
1602 2274 1686 2321 (IV.
1727 2276 1768 2325 5,

281 2351 450 2403 7—8.):

440 2443 604 2481 Mutuus
634 2443 741 2482 adsit
770 2457 895 2490 amor,
925 2457 998 2494 per
1024 2446 1065 2483 te
1094 2446 1337 2484 dulcissima
1363 2447 1479 2496 furta

494 2514 649 2564 Perque
678 2528 791 2554 meos
820 2517 957 2554 oculos
986 2528 1060 2564 per
1086 2517 1332 2566 geniumque
1360 2528 1470 2564 rogo.
1540 2519 1542 2522 ”

283 2655 432 2698 Etiam
459 2656 642 2698 furtivos
669 2670 768 2698 cum
795 2656 1005 2698 Cerintho
1044 2670 1305 2711 congressus
1343 2658 1594 2712 frequentes
1630 2658 1766 2699 fuisse

277 2731 405 2774 docet
429 2736 562 2787 poeta
586 2733 671 2785 (IV.
700 2735 737 2783 6,
771 2735 995 2786 11—102.):
