1942 3132
370 765 466 820 IN
509 763 926 820 HONOREM
971 761 1452 818 MESSALINI

563 853 770 922 QUIN
783 851 1263 907 DECIMVIRI.

828 1125 899 1178 (II.
929 1126 987 1177 5.)

212 1235 392 1285 Phoebe,
420 1235 542 1276 fave:
571 1246 717 1275 novus
741 1231 992 1286 ingreditur
1016 1234 1095 1274 tua
1118 1232 1290 1287 templa
1315 1232 1550 1275 sacerdos:

274 1311 374 1353 Huc
402 1325 481 1366 age
507 1324 611 1352 cum
636 1310 812 1352 eithara.
836 1309 1200 1363 carminibusque
1226 1309 1342 1351 veni.

213 1389 341 1431 Nunc
365 1392 411 1432 te
437 1388 613 1431 vocales
638 1387 870 1441 impellere
894 1386 1058 1441 pollice
1085 1386 1288 1435 chordas,

199 1509 202 1511 ,
273 1467 400 1508 Nunc
426 1479 584 1521 precor
607 1465 664 1507 ad
688 1463 844 1506 laudes
870 1462 1048 1506 flectere
1074 1463 1210 1505 verba
1235 1477 1372 1505 meas.

214 1543 317 1598 Ipse
343 1543 609 1597 triumphali
635 1542 870 1584 devinctus
895 1545 1101 1595 tempora
1127 1541 1269 1589 lauro.

274 1620 392 1663 Dum
420 1619 655 1662 cumulant
681 1632 794 1668 aras,
823 1618 879 1660 ad
903 1621 983 1660 tua
1010 1631 1135 1660 sacra
1163 1619 1279 1660 veni.

214 1697 302 1741 Sed
327 1698 498 1740 nitidus
524 1697 798 1752 pulcherque
824 1697 954 1739 veni:
983 1709 1104 1738 nunc
1130 1695 1268 1738 indue
1294 1699 1466 1738 vestem

276 1773 542 1829 Sepositam,
570 1775 731 1828 longas
756 1787 878 1816 nunc
905 1773 1019 1814 bene
1046 1777 1172 1827 pecte
1199 1786 1364 1823 comas,

218 1851 407 1904 Qualem
433 1854 478 1892 te
504 1854 760 1893 memorant
786 1849 980 1893 Saturno
1007 1863 1109 1904 rege
1138 1850 1291 1904 fugato

277 1928 443 1970 Victori
470 1927 629 1970 laudes
655 1927 941 1969 concinuisse
966 1927 1076 1969 Iovi.

216 2005 280 2047 Tu
307 2006 463 2060 procul
489 2007 703 2046 eventura
727 2004 864 2054 vides,
892 2003 975 2046 tibi
1002 2003 1179 2046 deditus
1206 2017 1349 2058 augur

280 2082 374 2124 Scit
399 2082 525 2125 bene.
556 2081 662 2136 quid
688 2081 769 2122 fati
795 2081 983 2135 provida
1008 2083 1158 2123 cantet
1184 2081 1292 2127 avis.

218 2159 370 2214 Tuque
395 2160 514 2213 regis
542 2162 697 2202 sortes.
725 2172 807 2212 per
831 2161 875 2200 te
902 2159 1133 2212 praesentit
1158 2172 1361 2213 aruspex,

279 2237 470 2279 Lubrica
496 2237 691 2291 signavit
714 2249 817 2278 cum
842 2236 953 2278 deus
980 2239 1078 2278 exta
1104 2236 1250 2278 notis:

217 2314 276 2357 Te
303 2314 412 2356 duce
441 2314 668 2357 Romanos
693 2326 940 2368 numquam
967 2314 1181 2355 frustrata
1207 2311 1388 2366 Sibylla,

279 2391 439 2434 Abdita
467 2404 562 2446 quae
589 2391 711 2433 senis
736 2391 831 2433 fata.
855 2391 977 2432 canit
1002 2390 1204 2445 pedibus.

218 2468 396 2511 Phoebe.
425 2481 574 2510 sacras
600 2466 894 2510 Messalinum
921 2468 1020 2510 sine
1046 2471 1230 2521 tangere
1257 2467 1436 2509 chart-as

278 2545 417 2594 Vatis,
448 2548 492 2586 et
517 2546 627 2599 ipse,
653 2557 820 2598 precor,
849 2544 955 2599 quid
980 2547 1113 2586 canat
1137 2544 1230 2593 illa,
1258 2543 1380 2586 doce.

218 2622 326 2664 Haec
351 2623 475 2665 dedit
501 2624 659 2664 Aeneae
686 2624 840 2672 sortes,
867 2625 1107 2677 postquam
1133 2621 1210 2663 ille
1236 2625 1470 2675 parentem

279 2699 455 2742 Dicitur
481 2703 525 2742 et
551 2702 703 2753 raptos
729 2700 997 2742 sustinuisse
1024 2700 1186 2741 Lares:

1706 2716 1745 2740 20
