1942 3132
239 186 285 232 24

183 490 220 513 90

181 1792 217 1816 10

181 2175 216 2199 15

180 2558 219 2582 20

888 202 940 230 ,1.
964 201 1058 238 3.41.

355 317 578 358 Paulatim
605 330 762 359 somno
790 319 909 359 fessa
933 318 1131 360 remittat
1148 332 1282 372 opus.

296 393 417 433 Tunc
442 393 620 434 veniam
648 393 806 442 subito,
834 407 915 435 nec
943 378 1177 449 quisquam
1203 395 1381 435 nuntiet
1408 396 1522 443 ante,

357 467 440 508 Sed
467 468 619 510 videar
645 470 751 511 caelo
778 471 943 512 missus
971 470 1125 512 adesse
1151 471 1245 512 tibi.

295 545 416 586 Tunc
442 546 567 594 mihi,
598 547 741 599 qualis
770 547 867 595 eris,
896 547 1054 601 longos
1080 547 1258 589 turbata
1284 548 1480 600 capillos,

356 621 507 663 Obvia-
520 622 701 672 nudato,
730 622 870 672 Delia,
899 636 1024 665 curre
1050 624 1174 676 pede.

294 699 390 740 Hoc
418 711 586 751 precor,
615 699 732 739 hunc
759 698 888 740 illum
914 700 1044 741 nobis
1069 701 1239 742 Aurora
1266 701 1484 742 nitentem

354 775 609 815 Luciferum
637 775 775 816 roseis
803 774 992 816 candida
1015 778 1164 829 portet
1191 777 1327 831 equis.

953 989 1009 1030 ΙΙ.

293 1083 483 1124 Divitias
510 1083 625 1124 alius
653 1083 772 1124 fulvo
801 1083 884 1124 sibi
912 1085 1123 1136 congerat
1150 1097 1256 1124 auro

353 1160 409 1201 Et
434 1162 584 1200 teneat
611 1160 719 1201 culti
745 1161 897 1213 iugera
923 1160 1066 1201 multa
1093 1160 1189 1209 soli,

295 1236 437 1288 Quem
463 1235 590 1277 labor
616 1235 830 1276 adsiduus
856 1236 1003 1277 vicino
1032 1238 1196 1278 terreat
1223 1237 1362 1285 hoste,

352 1312 517 1354 Martia
543 1313 614 1353 cui
642 1326 823 1354 somnos
851 1313 1035 1355 classica¹
1062 1313 1192 1367 pulsa
1219 1314 1399 1367 fugent:

292 1390 365 1432 Me
391 1403 493 1431 mea
518 1393 756 1443 paupertas
783 1391 876 1431 vita
902 1390 1105 1432 traducat
1130 1390 1276 1440 inerti,

354 1467 471 1508 Dum
497 1480 623 1508 meus
650 1465 836 1507 adsiduo
863 1466 1009 1508 luceat
1034 1467 1137 1519 igne
1165 1467 1300 1508 focus.

293 1545 393 1598 Ipse
422 1557 564 1585 seram
591 1546 767 1585 teneras
794 1538 970 1585 maturo
997 1544 1197 1597 tempore
1224 1545 1336 1586 vites

353 1620 562 1662 Rusticus
591 1622 633 1661 et
660 1620 779 1661 facili
807 1620 995 1672 grandia
1020 1634 1155 1674 poma
1179 1635 1344 1663 manu:

293 1697 381 1739 Nec
410 1696 520 1750 Spes
547 1696 771 1746 destituat,
803 1696 879 1737 sed
905 1698 1082 1750 frugum
1109 1711 1285 1751 semper
1311 1711 1489 1740 acervos

353 1773 550 1816 Praebeat
576 1775 619 1814 et
644 1773 778 1826 pleno
806 1773 993 1826 pinguia
1018 1775 1167 1814 musta
1193 1774 1304 1815 lacu.

293 1852 406 1892 Nam
432 1863 629 1894 veneror.
660 1862 738 1890 seu
767 1850 903 1902 stipes
931 1849 1067 1890 habet
1092 1849 1292 1892 desertus
1320 1851 1367 1891 in
1395 1851 1523 1904 agris,

353 1927 440 1969 Seu
464 1930 591 1968 vetus
617 1927 666 1967 in
692 1926 821 1967 trivio
848 1925 1006 1968 florida
1034 1929 1152 1968 serta
1176 1927 1303 1981 lapis,

291 2005 347 2046 Et
374 2003 681 2058 quodcumque
708 2004 820 2044 mihi
845 2017 1030 2056 pomum
1057 2017 1199 2046 novus
1228 2004 1386 2046 educat
1413 2018 1572 2055 annus,

352 2082 562 2122 Libatum
590 2081 792 2134 agricolae
820 2082 1003 2135 ponitur
1029 2084 1132 2123 ante
1159 2082 1254 2123 deo.

291 2158 429 2199 Flava
456 2156 597 2206 Ceres,
627 2158 708 2198 tibi
735 2158 793 2198 sit
818 2162 971 2200 nostro
1000 2159 1052 2200 de
1077 2173 1178 2200 rure
1206 2173 1369 2201 corona

353 2233 523 2286 Spicea,
552 2247 647 2286 quae
673 2234 826 2287 templi
856 2235 1050 2287 pendeat
1076 2237 1179 2276 ante
1206 2236 1348 2276 fores:

292 2310 581 2363 Pomosisque
608 2310 739 2350 ruber
765 2313 913 2351 custos
938 2314 1131 2363 ponatur
1157 2311 1206 2350 in
1232 2311 1385 2358 hortis,

353 2386 531 2426 Terreat
557 2387 607 2426 ut
633 2399 748 2427 saeva
775 2386 887 2426 falce
913 2386 1099 2440 Priapus
1128 2399 1242 2428 aves.

292 2462 382 2503 Vos
410 2474 594 2515 quoque,
624 2462 766 2502 felicis
793 2461 1029 2514 quondam,
1057 2475 1176 2503 nunc
1202 2463 1410 2516 pauperis
1438 2464 1531 2516 agri

353 2536 583 2587 Custodes,
610 2538 734 2579 fertis
760 2551 947 2579 munera
974 2541 1131 2586 vestra,
1161 2538 1321 2581 Lares:

294 2615 416 2656 Tunc
442 2614 581 2655 vitula
606 2614 872 2655 innumeros
898 2613 1117 2655 lustrabat
1142 2627 1254 2656 caesa
1279 2615 1500 2663 iuvencos,

354 2690 480 2732 Nunc
507 2702 621 2742 agna
647 2689 793 2742 exigui
821 2692 886 2731 est
913 2689 1060 2730 hostia
1087 2703 1223 2743 parva
1251 2691 1359 2733 soli:

1652 1082 1683 1116 I.

1707 1082 1737 1117 1.
