1942 3132
784 238 840 267 n>
862 238 893 268 1.
919 236 953 274 ι,
974 235 1143 268 25—28.
1654 223 1721 260 133

209 357 372 410 praeter
396 354 579 397 domum
620 355 758 398 etiam
797 354 990 422 fungum
1018 355 1072 397 cf.
1102 355 1220 396 infra
1247 355 1303 397 ΙΙ.
1340 357 1373 405 1,
1408 357 1608 399 17κ--18ε
1641 356 1720 399 «Di

205 431 343 487 patrii
370 464 380 473 .
409 464 419 473 .
448 464 458 473 .
482 431 572 474 Vos
610 432 731 475 mala
768 431 823 474 de
859 431 1026 473 nostris
1065 432 1222 486 pellite
1260 432 1525 483 limitibus»,
1562 434 1636 475 ubi
1673 432 1722 477 di

203 507 352 565 patrii
377 512 482 550 sunt
510 509 646 552 Lares
673 508 943 558 familiares;
969 509 1023 551 of.
1052 509 1153 551 adn.
1184 509 1240 551 ad
1267 509 1309 551 h.
1339 509 1367 551 l.
1386 510 1594 566 —fertis
1610 524 1718 553 mu-

210 598 324 629 nera
366 588 530 637 vestra,
569 586 784 640 accipitis,
812 587 864 627 ut
903 585 1011 627 Hor.
1041 585 1187 628 Carm.
1217 586 1290 628 IV.
1321 587 1360 637 8,
1389 587 1444 628 4:
1479 601 1646 641 «neque
1673 591 1722 629 tu

209 662 406 718 pessima
431 676 672 705 munerum
695 663 878 705 Ferres»
910 665 955 704 et
981 662 1058 705 Ov.
1086 663 1184 706 Am.
1212 663 1290 706 111.
1321 664 1360 713 6,
1391 664 1473 706 66:
1507 664 1722 706 «Munera

209 740 444 795 promissis
482 740 691 782 uberiora
731 739 888 781 feres».
917 764 976 768 ——
1009 738 1147 792 Tunc,
1174 741 1280 782 dum
1314 740 1438 783 dives
1465 741 1550 782 fuit
1574 740 1721 782 Tibul-

209 817 356 860 lorum
383 816 556 859 domus.
586 842 644 845 —
668 815 816 860 vitula
841 816 1110 861 innumeros
1139 817 1372 860 lustrabat
1401 830 1520 861 caesa
1556 817 1720 861 iuven-

209 906 300 947 003,
326 894 475 947 agitur
498 894 552 936 de
578 893 846 936 lustratione
886 894 980 948 agri
1021 894 1112 936 sive
1152 894 1207 936 de
1247 895 1364 954 festo
1385 894 1721 958 Ambarvalium
1779 913 1789 922 x

210 972 366 1026 quovis
398 985 501 1014 vere
542 970 756 1013 celebrari
797 971 944 1021 solito,
988 971 1042 1013 de
1081 985 1168 1026 quo
1207 973 1339 1026 plura
1375 958 1476 1013 vide
1507 953 1635 1013 infra
1675 972 1722 1012 in

210 1049 542 1091 introductione
581 1047 637 1090 ad
673 1048 728 1090 Π.
775 1049 810 1090 1.
852 1073 909 1076 —
935 1045 1071 1091 Nunc
1096 1061 1223 1104 aqna
1263 1048 1422 1104 emiqui
1465 1050 1528 1091 est
1571 1047 1724 1091 hostia

206 1138 358 1182 parva
396 1126 500 1178 soli,
526 1126 578 1168 cf.
607 1125 663 1168 H.
697 1127 732 1174 1,
767 1127 831 1168 15.
861 1126 915 1168 de
955 1126 1103 1168 hostia
1142 1127 1389 1169 ambarvali
1427 1127 1478 1168 in
1516 1139 1620 1180 agro
1654 1125 1724 1167 Ti-

211 1203 349 1246 bulli:
382 1202 599 1248 «Cernite.
628 1204 853 1257 fulgentes
878 1206 930 1245 ut
955 1207 1028 1245 eat
1062 1217 1186 1246 sacer
1224 1218 1367 1258 agnus
1394 1204 1450 1246 ad
1476 1218 1578 1246 aras
1589 1206 1633 1246 P»
1666 1228 1723 1231 —

213 1278 351 1337 Agna
374 1279 506 1323 cadet
529 1279 674 1333 vobis,
703 1294 760 1322 se.
789 1280 1006 1330 Laribus;
1035 1281 1171 1323 etiam
1193 1282 1248 1324 II.
1279 1283 1314 1329 1,
1349 1283 1414 1324 15.
1445 1281 1549 1333 («Di
1574 1281 1721 1335 patrii,

212 1371 455 1413 purgamus
484 1371 626 1412 agros,
655 1371 900 1412 purgamus
928 1361 1173 1412 agrestes»)
1199 1359 1336 1402 Lares
1374 1360 1554 1402 invocat
1590 1361 1725 1413 poeta

214 1449 379 1490 agnum
406 1435 708 1478 ambarvalem
734 1435 1006 1486 immolans3
1049 1437 1102 1479 cf.
1132 1436 1232 1479 adn.
1263 1437 1317 1480 ad
1344 1438 1386 1480 h.
1419 1438 1447 1479 1.
1467 1462 1525 1465 —
1550 1436 1726 1479 rustica

208 1512 368 1569 pubes,
388 1526 524 1567 quam
549 1513 598 1555 in
615 1512 782 1567 praedio
812 1526 893 1555 suo
919 1513 1080 1555 habuit
1107 1514 1340 1564 Tibullus;
1365 1513 1524 1570 pubes,
1550 1514 1603 1556 cf.
1624 1512 1724 1557 adn.

214 1590 332 1632 infra
357 1589 413 1632 ad
437 1590 471 1632 L
502 1591 540 1640 7,
570 1592 623 1632 5;
657 1589 822 1643 «pubes
848 1590 1096 1634 Romana».
1115 1616 1174 1620 ——
1191 1604 1359 1634 messes
1387 1593 1427 1634 et
1457 1590 1577 1634 bona
1601 1592 1725 1642 vina,

214 1666 270 1709 ad
295 1679 464 1709 messes
490 1667 794 1722 supplendum
820 1670 889 1710 est
917 1667 1060 1711 bonas
1084 1682 1136 1710 ex
1162 1668 1466 1723 sequentibus.

273 1744 323 1786 V.
352 1746 541 1786 25—28.
570 1743 656 1787 Hie
680 1743 815 1788 modo
853 1745 951 1787 iam
983 1745 1179 1800 possim,
1204 1745 1232 1787 i.
1263 1759 1298 1787 e.
1327 1746 1375 1787 in
1403 1759 1507 1799 agro
1534 1759 1650 1797 meo,
1678 1749 1729 1788 ut

217 1822 334 1863 infra
364 1835 427 1863 vs.
458 1823 540 1863 35:
574 1820 686 1864 «Hic
725 1834 807 1875 ego
846 1825 1160 1876 pastoremque
1199 1835 1351 1864 meum
1389 1822 1581 1864 lustrare
1621 1837 1727 1877 quo-

221 1898 374 1939 tannis
399 1930 409 1939 .
439 1930 449 1939 .
478 1930 488 1939 .
519 1898 685 1940 soleo».
735 1896 904 1939 Sensus
951 1900 1042 1940 est:
1092 1898 1211 1940 «Iam
1257 1898 1391 1940 modo
1439 1899 1511 1940 hic
1556 1899 1728 1953 possim

217 1975 365 2017 vivere
404 1975 452 2015 in
492 1987 598 2029 agro
637 1987 738 2016 meo
776 1988 974 2029 paupere
1000 1976 1078 2026 (vs.
1113 1977 1208 2026 19.),
1238 1976 1287 2016 in
1324 1976 1408 2017 hoo
1447 1976 1603 2030 exiguo
1631 1976 1728 2018 solo

217 2053 295 2103 (vs.
325 2053 424 2103 22),
454 2052 632 2106 quietus
649 2065 793 2107 neque
812 2065 989 2106 semper
1004 2053 1141 2106 longa
1156 2052 1320 2094 itinera
1336 2053 1479 2094 facere
1497 2052 1727 2103 debeam»;

221 2127 294 2172 hic
318 2127 452 2171 modo
479 2161 489 2170 .
518 2161 528 2170 .
558 2161 568 2170 .
594 2128 789 2184 possim,
829 2131 880 2171 ut
917 2129 1035 2171 infra
1060 2129 1093 2171 I.
1125 2131 1163 2179 2,
1194 2129 1396 2172 71—72:
1430 2130 1556 2184 «Ipse
1594 2129 1729 2172 boves

220 2219 322 2248 mea
347 2206 385 2247 si
419 2208 565 2248 lecum
603 2204 738 2248 modo
777 2205 908 2247 Delia
945 2207 1115 2260 possim
1152 2207 1385 2261 Iungere».
1414 2205 1621 2249 Ceterum
1659 2205 1730 2251 hic

222 2284 291 2324 est
326 2295 427 2324 mea
466 2282 748 2332 coniectura;
788 2283 840 2325 cf.
881 2283 999 2325 infra
1036 2283 1136 2326 adn.
1178 2284 1271 2326 erit.
1313 2283 1369 2325 ad
1407 2284 1450 2326 h.
1478 2284 1506 2326 l.
1534 2308 1594 2313 —
1619 2283 1730 2337 iam,

221 2360 502 2403 1311ᾶο111.-
530 2360 678 2403 vivere
709 2371 872 2415 parvo,
912 2360 1068 2403 eadem
1098 2361 1234 2403 verba
1270 2361 1319 2402 in
1356 2360 1444 2403 fine
1483 2361 1730 2404 hexametri

222 2436 450 2509 ligr—§at
479 2438 534 2497 11.
594 2439 687 2487 ,1:
721 2437 853 2490 «Quae
878 2438 1020 2481 Virtus
1058 2442 1103 2481 et
1142 2442 1322 2494 quanta,
1350 2439 1472 2489 boni,
1500 2439 1559 2481 sit
1583 2439 1729 2481 vivere

223 2528 404 2570 parvo».
432 2539 490 2543 ——
518 2512 610 2557 Nee
650 2526 828 2570 semper
868 2514 1018 2572 lonqae
1059 2514 1239 2559 deditus
1279 2529 1376 2559 esse
1418 2517 1518 2569 viae,
1545 2517 1730 2570 supple:

223 2591 421 2635 debeam
458 2617 517 2621 ——
545 2592 727 2648 lonyae.
795 2590 934 2645 .vioe,
958 2592 1120 2635 alludit
1160 2593 1215 2635 ad
1256 2594 1431 2641 itinera,
1475 2607 1571 2648 quae
1613 2593 1730 2635 bello

224 2668 496 2734 Aguitanioo
518 2670 586 2720 (cf.
616 2669 648 2710 Ι.
679 2670 717 2718 7,
747 2669 925 2721 8—12.)
963 2672 1007 2712 et
1047 2670 1104 2712 ad
1140 2662 1471 2724 expeditionem
1509 2669 1729 2711 Messallae
1811 2678 1813 2682 '

218 2746 490 2806 orientalem
516 2745 801 2801 proficiscens
824 2747 894 2799 (cf.
917 2746 950 2789 L
972 2748 1030 2799 3.)
1054 2748 1200 2790 facere
1226 2750 1405 2790 coactus
1432 2750 1509 2789 est.
1539 2746 1602 2788 Cf.
1622 2746 1729 2788 Hor.
