1942 3132
242 207 309 241 158
808 222 865 249 An
885 222 916 250 1.
940 220 974 260 2,
998 219 1165 249 23—28.

240 338 498 391 vultumque
536 338 780 390 loquacem,
822 338 983 391 Excipe
1004 337 1208 394 *furtivas
1237 339 1280 378 et
1306 338 1422 378 refer
1445 337 1542 391 ipsa
1581 341 1712 380 notas
1728 353 1738 387 ;

241 415 385 456 Verba
423 413 673 467 superciliis
713 412 808 453 sine
839 425 945 453 voce
983 412 1214 465 loquentia
1253 411 1410 461 dicam,
1439 412 1582 454 Verba
1618 413 1739 466 lcges

243 491 404 545 digitis,
432 491 566 532 verba
603 491 760 531 notata
795 502 942 530 mero»
976 492 1020 530 et
1058 488 1161 530 ibid.
1190 488 1245 529 ΙΙ.
1274 489 1314 537 5,
1344 490 1540 531 15——162
1574 489 1742 530 «Multa

244 567 479 621 supercilio
506 566 597 608 vidi
623 566 826 608 vibrante
863 567 1123 620 loquentes:
1163 564 1354 606 Nutibus
1380 565 1428 605 in
1453 566 1612 607 vestris
1638 580 1741 619 pars

244 645 361 687 bona
383 645 504 686 vocis
544 645 661 685 erat»
695 646 739 684 et
774 642 879 685 Her.
913 644 978 691 17,
1008 644 1209 684 81—-822
1245 641 1304 682 «A
1331 643 1536 695 quotiens
1574 642 1738 695 digitis,

244 723 448 776 quotiens
474 735 556 775 ego
582 723 698 762 tecta
736 721 889 762 notavi
917 719 1053 773 Signa
1092 719 1330 772 supercilio
1369 732 1496 772 paenc
1531 718 1741 772 loquente

244 798 379 841 dari».
410 823 468 826 —
493 798 603 844 viro,
633 797 821 850 coniuge
837 811 848 846 ;
881 797 933 838 cf.
964 796 1063 838 adn.
1093 797 1211 838 infra
1237 797 1292 838 ad
1318 810 1380 837 vs.
1408 796 1457 837 41
1482 812 1491 838 ι
1525 796 1743 838 «coniunx
1789 817 1791 819 ·

242 878 386 917 tuus».
405 900 464 903 ——
490 877 629 917 nutus
658 873 871 929 conferre,
899 863 928 915 iJ
957 888 992 915 e.
1020 874 1171 927 puella
1198 875 1241 914 et
1265 873 1448 914 iuvenes
1475 876 1612 914 nutus
1639 886 1740 915 con-

245 954 394 993 ferunt
418 952 536 992 inter
561 965 620 1001 se,
648 953 699 991 ut
723 950 909 992 dicitur:
952 964 1203 992 sermonem
1230 952 1442 992 conferre.
1471 975 1530 978 —
1556 963 1742 1006 compo-

246 1029 348 1072 sitis
376 1027 542 1070 abdere
567 1027 707 1070 verba
731 1027 864 1077 notis,
893 1029 944 1067 ut
970 1026 1045 1068 Ov.
1074 1028 1168 1068 Am.
1197 1027 1275 1068 ΠΙ.
1306 1028 1344 1076 2,
1374 1028 1455 1068 25:
1489 1027 1743 1080 «Verbaque

248 1105 508 1158 compositis
536 1103 817 1145 dissimulata
847 1104 1010 1145 notis».
1038 1128 1097 1132 —
1122 1103 1386 1158 compositis
1412 1136 1421 1144 .
1451 1136 1461 1144 .
1489 1136 1498 1144 .
1527 1102 1661 1151 notis,
1689 1104 1743 1144 de

248 1180 406 1235 quibus
452 1180 570 1220 inter
615 1179 813 1232 puellam
855 1181 898 1220 et
937 1180 1146 1220 iuvenem
1194 1181 1296 1220 ante
1343 1182 1610 1221 conventum
1652 1182 1743 1228 est;

246 1258 297 1298 cf.
317 1256 463 1298 Ovidii
480 1259 699 1310 praccepta
717 1256 771 1297 ad
791 1257 978 1297 amicam
1006 1255 1058 1297 de
1085 1256 1155 1298 his
1182 1256 1303 1297 notis
1319 1256 1415 1297 Am.
1432 1257 1464 1297 Ι.
1484 1257 1524 1304 4,
1546 1257 1744 1297 21—28:

253 1334 387 1377 «Cum
428 1335 509 1374 tibi
552 1335 777 1375 succurret
816 1333 1003 1374 Veneris
1044 1332 1227 1374 lascivia
1274 1335 1450 1382 nostrae,
1495 1333 1744 1385 Purpureas

245 1414 398 1453 tenero
435 1411 595 1464 pollice
622 1412 754 1462 tange
781 1423 930 1462 genas.
961 1408 1007 1451 Si
1034 1409 1140 1463 quid
1166 1410 1260 1459 erit,
1290 1409 1342 1450 de
1368 1423 1438 1450 me
1466 1409 1602 1450 tacita
1628 1409 1747 1462 quod

249 1490 397 1529 mente
438 1487 647 1540 loquaris,
676 1485 874 1527 Pendeat
914 1487 1110 1527 extrema
1150 1485 1300 1527 mollis
1343 1485 1396 1527 ab
1425 1499 1529 1527 aure
1570 1499 1743 1527 manus.

250 1564 360 1606 Cum
398 1563 491 1612 tibi,
522 1577 617 1616 quae
656 1562 828 1611 faciam,
856 1575 957 1603 mea
994 1562 1082 1612 luiz,
1118 1562 1332 1614 dicamve,
1360 1562 1614 1616 placebunt,
1640 1562 1746 1604 Ver-

248 1645 369 1683 setur
405 1640 556 1693 digitis
604 1640 765 1680 anulus
811 1652 952 1692 usque
997 1639 1099 1680 tuis.
1149 1639 1297 1692 Tange
1345 1652 1484 1680 manu
1529 1653 1743 1688 mensam,

246 1720 438 1771 tangunt
477 1731 563 1771 quo
605 1729 728 1758 more
775 1717 1021 1768 precantes,
1066 1714 1251 1768 Optabis
1287 1716 1447 1757 merito
1490 1729 1590 1756 cum
1629 1716 1749 1757 mala

247 1795 389 1835 multa
413 1793 508 1834 viro
518 1809 550 1835 ».

309 1870 356 1912 V.
388 1871 575 1912 23—28.
606 1882 720 1925 quos
746 1882 827 1912 nec
853 1868 1022 1912 inertia
1047 1868 1215 1919 tardat,
1242 1872 1292 1910 ut
1318 1868 1394 1910 Ov.
1422 1868 1470 1910 A.
1498 1868 1546 1910 A.
1566 1868 1622 1910 II.
1640 1870 1748 1911 229:

255 1947 413 1988 «Amor
454 1946 547 1988 odit
587 1947 776 1988 inertes»
810 1948 853 1987 et
894 1947 1006 1987 233:
1040 1945 1237 1986 «Militiae
1279 1945 1449 1998 species
1491 1958 1616 1986 amor
1657 1948 1748 1987 est:

250 2023 473 2074 discedite,
523 2036 723 2076 segnes».
763 2047 823 2051 -—
847 2020 942 2064 Nec
987 2023 1107 2064 vetat
1151 2021 1348 2064 obscura
1393 2034 1578 2077 sumere
1623 2026 1750 2064 nocte

251 2099 398 2151 timor,
439 2100 490 2141 cf.
520 2099 595 2141 Ov.
623 2100 719 2141 Am.
749 2099 781 2141 Ι.
811 2101 850 2146 6,
892 2100 1064 2141 9—-142
1097 2099 1177 2140 «At
1215 2098 1439 2152 quondam
1477 2101 1654 2140 noctem
1692 2101 1747 2142 si·

250 2176 534 2229 mulacraque
559 2189 675 2218 vana
699 2176 925 2224 timebam,
953 2175 1162 2226 Mirabar,
1204 2175 1401 2217 tenebris
1428 2176 1626 2229 quisquis
1664 2176 1748 2217 itu-

250 2266 324 2294 rus
364 2255 468 2293 erat.
509 2253 636 2302 Risit,
665 2255 715 2294 ut
752 2253 964 2302 audirem,
999 2255 1154 2294 tenera
1191 2266 1293 2293 cum
1329 2255 1471 2294 matre
1498 2252 1667 2306 Cupido
1693 2252 1750 2293 Et

253 2329 434 2370 leviter:
468 2329 593 2369 «Fies
619 2331 668 2370 tu
695 2342 867 2382 quoque
895 2330 1046 2371 fortis»
1080 2330 1152 2370 ait.
1182 2329 1274 2371 Nec
1299 2343 1435 2379 mora,
1453 2330 1577 2371 venit
1602 2342 1748 2370 amor:

249 2418 342 2446 non
366 2405 546 2446 umbras
572 2408 702 2447 nocte
730 2406 942 2455 volantes,
970 2406 1070 2447 Non
1095 2407 1231 2447 timeo
1261 2406 1434 2448 strictas
1461 2406 1508 2447 in
1532 2419 1630 2447 mea
1658 2406 1749 2447 fata

250 2494 434 2522 manus»
469 2484 510 2521 et
547 2482 597 2523 A.
637 2483 687 2523 A.
727 2483 780 2524 II.
824 2483 935 2524 234:
968 2482 1092 2523 «Non
1130 2483 1222 2523 haec
1262 2485 1366 2523 sunt
1399 2482 1568 2524 timidis
1606 2485 1750 2523 castra

250 2557 415 2598 tuenda
452 2558 599 2599 viris».
629 2582 686 2586 —
713 2558 786 2600 En
818 2571 897 2615 390
925 2571 1029 2601 cum
1054 2558 1250 2601 tenebris
1290 2560 1385 2601 tota
1408 2570 1551 2614 vayor
1576 2558 1749 2600 anxius

250 2633 372 2683 urbe,
402 2646 458 2674 sc.
486 2636 537 2674 ut
562 2633 617 2674 ad
642 2635 824 2676 ianuam
852 2636 1004 2676 amicae
1030 2638 1166 2677 noctu
1181 2636 1370 2677 veniam.
1398 2634 1570 2676 Excidit
1595 2637 1748 2687 penta-

252 2712 402 2760 meter,
430 2711 555 2751 cuius
588 2723 745 2752 sensus
776 2713 879 2753 talis
918 2713 1009 2754 fere
1036 2715 1156 2755 erat:
1182 2713 1333 2755 Venus
1358 2726 1429 2754 me
1467 2713 1613 2753 tutum
1640 2725 1748 2765 prae-
