1942 3132
741 209 799 240 m
819 209 869 239 11.
894 207 926 247 1,
950 206 1118 239 37-—42.
1611 192 1687 228 203

184 344 302 382 men,
325 343 478 385 preces
503 329 668 383 dirigit,
696 329 748 370 ut
773 325 890 369 adsit
915 325 999 368 sibi
1024 325 1180 368 laudes
1208 324 1683 367 deorumrusticorum

184 407 377 456 canenti.
416 406 476 450 Ut
513 404 715 448 Tibullus
751 402 1024 451 Messallam,
1056 401 1120 443 ita
1143 400 1367 454 Vergilius
1391 399 1683 443 Maecenatem

185 484 364 525 invocat
388 481 466 526 Ge.
495 482 552 524 11.
582 480 752 524 39—41
774 495 784 522 :
817 479 993 534 «Tuque
1019 478 1124 520 ades
1150 478 1466 532 inceptumque
1492 490 1584 518 una
1609 477 1685 518 de-

185 574 310 603 curre
332 560 529 603 laborem
549 591 561 601 .
584 591 596 601 .
620 590 630 600 .
658 556 921 600 Maecenas».
941 581 999 585 —
1015 554 1120 599 Huc
1135 554 1258 604 ades,
1277 555 1329 597 cf.
1354 554 1456 596 adn.
1476 567 1612 608 supra
1628 553 1685 595 ad

185 638 218 679 L
248 637 287 679 7.
315 637 385 679 49.
412 661 471 665 —
496 634 741 691 aspiraque
766 631 896 680 mihi,
930 633 1108 688 proprie
1135 632 1296 674 dicitur
1322 631 1375 674 de
1399 634 1534 674 vento
1561 632 1684 673 navi-

186 714 394 768 gantibus
420 711 612 755 secundo
637 712 705 763 (ut
728 710 855 766 Verg.
894 710 1003 752 Aen.
1032 709 1080 751 V.
1111 710 1223 752 769:
1268 709 1497 763 «aspirans
1531 721 1688 750 rursus

185 794 315 834 vocat
327 793 477 834 auster
487 790 535 832 in
563 789 727 831 altum»
755 793 799 831 et
825 789 1089 831 606—607:
1121 787 1261 829 «Iuno
1282 819 1292 828 .
1317 819 1328 828 .
1353 819 1363 828 .
1391 789 1550 829 ventos
1568 786 1687 840 aspi—

186 871 255 911 rat
281 867 463 919 euntiu),
487 866 703 909 translate
730 865 783 908 de
811 864 975 907 auxilio
1003 864 1202 914 deorum,
1230 867 1282 905 ut
1306 864 1425 905 infra
1450 862 1505 904 H.
1537 865 1574 913 3,
1600 864 1651 905 71
1675 879 1689 907 ι

192 944 377 1000 «quibus
402 943 629 998 aspirabat
664 943 858 991 Amor»;
896 942 950 984 cf.
978 941 1105 995 Verg.
1134 940 1241 982 Aen.
1282 940 1356 983 IX.
1398 941 1511 983 525:
1556 939 1686 990 «Vos,

188 1035 213 1064 o
239 1020 450 1075 Calliope,
489 1033 659 1074 precor,
705 1019 899 1074 aspir-ate
938 1018 1160 1068 canenti»,
1202 1016 1278 1059 Ov.
1318 1017 1424 1058 Met.
1452 1017 1487 1058 I.
1528 1017 1583 1059 3:
1617 1017 1688 1059 «di

186 1098 343 1153 coeptis
363 1131 374 1141 .
396 1130 408 1140 .
432 1131 443 1140 .
470 1098 664 1153 aspirato
702 1097 859 1139 meis».
887 1121 945 1125 --
972 1095 1190 1153 amicalis
1211 1127 1221 1137 .
1246 1127 1256 1137 .
1281 1127 1291 1137 .
1320 1094 1559 1145 coelitibus,
1599 1094 1691 1138 diis

187 1175 364 1217 rusticis
390 1175 612 1223 omnibus,
640 1188 734 1217 non
761 1174 914 1216 solum*
936 1172 1084 1215 Cereri
1110 1175 1155 1214 et
1179 1172 1368 1214 Baccho.

248 1250 295 1293 V.
324 1253 512 1294 37—-42,
551 1249 639 1294 His
665 1250 760 1294 vita
785 1249 1025 1306 maqistris
1055 1247 1280 1292 Desuevit
1317 1261 1494 1305 querna
1513 1248 1690 1305 pellere

186 1327 355 1387 ylande
379 1328 564 1386 famem,
592 1331 696 1370 ante
723 1327 876 1369 oculos
903 1326 1060 1369 habuit
1076 1330 1210 1381 poeta
1225 1326 1352 1380 Verg.
1383 1324 1460 1368 Ge.
1489 1326 1521 1368 I.
1543 1327 1568 1368 7
1579 1327 1688 1369 —82

193 1406 336 1449 «alma
361 1405 504 1456 Ceres,
524 1408 671 1448 vestro
698 1406 738 1447 si
762 1418 948 1447 munere
970 1404 1105 1447 tellus
1122 1399 1372 1447 Chaoniam
1385 1405 1543 1459 pingui
1561 1405 1687 1460 glan-

187 1483 289 1525 dem
313 1483 506 1526 mutavit
542 1483 722 1525 arista».
752 1481 815 1525 Cf.
844 1481 921 1524 Ov.
957 1481 1079 1523 Fast.
1106 1481 1140 1523 Ι.
1170 1482 1418 1524 675--676,
1449 1482 1502 1524 de
1529 1481 1690 1526 Cerere

189 1564 245 1604 et-
257 1561 459 1604 Tellure:
506 1560 770 1603 «Consortes
809 1561 969 1615 operis,
1009 1573 1089 1614 per
1126 1571 1235 1614 quas
1268 1562 1464 1601 correcta
1488 1563 1691 1603 vetustas

189 1639 452 1694 Quernaque
478 1640 608 1694 glans
624 1638 744 1680 victa
761 1642 828 1680 est
844 1638 1024 1680 utiliore
1042 1637 1185 1687 cibo»,
1203 1637 1307 1679 ibid.
1326 1637 1398 1679 IV.
1426 1638 1690 1681 401-—4022

195 1715 367 1758 «Prima
393 1714 524 1758 Ceres
550 1715 732 1758 homine
772 1714 827 1756 ad
853 1714 1040 1756 meliora
1074 1714 1291 1755 alimenta
1315 1718 1471 1756 vocato
1498 1714 1691 1756 Mutavit

190 1792 374 1846 glandes
399 1792 580 1834 utiliore
607 1787 746 1840 cibo»,
788 1790 891 1832 Met.
919 1790 968 1832 V.
1012 1791 1121 1832 342:
1167 1789 1339 1831 «Prima
1376 1790 1542 1842 (Ceres)
1567 1791 1691 1833 dedit

191 1870 341 1923 fruges
366 1870 669 1924 alimentaque
696 1868 824 1911 mitia
851 1869 1005 1909 terris»
1028 1882 1038 1917 ;
1064 1868 1158 1909 Iuv.
1179 1867 1267 1910 Sat.
1287 1866 1400 1909 XIV.
1436 1869 1689 1911 182--1842

196 1948 409 1989 «numina
447 1948 575 1995 ruris,
604 1947 805 1999 Quorum
832 1960 915 2000 ope
945 1954 988 1987 et
1026 1945 1190 1987 auxilio
1217 1948 1352 1999 gratae
1378 1948 1479 2000 post
1504 1959 1697 1987 munera

192 2025 337 2066 aristae
364 2022 642 2077 Contingunt
667 2023 839 2065 homini
865 2022 1028 2064 veteris
1055 2021 1235 2064 fastidia
1258 2035 1486 2076 quercus».
1506 2047 1564 2051 —
1581 2021 1688 2073 vita,

192 2103 404 2152 humana,
431 2103 458 2143 i.
489 2115 524 2143 e.
564 2114 705 2155 genus
742 2100 1017 2150 humanum
1059 2101 1111 2142 cf.
1153 2099 1319 2141 Phaedr.
1360 2100 1393 2142 Ι.
1433 2101 1603 2154 prolog.
1631 2102 1690 2143 4:

199 2178 431 2233 «prudenti
470 2177 658 2220 consilio
697 2177 834 2219 vitam
873 2179 1068 2218 monet».
1109 2201 1164 2205 -—
1203 2176 1383 2233 9ἰαηάε,
1428 2178 1557 2231 glans
1595 2180 1694 2219 erat

194 2255 457 2298 alimentum
484 2255 719 2297 hominum
745 2253 1175 2308 antiquissimorum,
1202 2256 1253 2295 ut
1278 2253 1469 2307 legimus
1495 2254 1612 2296 infra
1632 2254 1687 2296 H.

195 2335 233 2381 3,
274 2333 476 2375 68—69:
522 2331 688 2374 «Glans
727 2331 820 2374 alat
856 2334 900 2373 et
934 2332 1081 2386 prisco
1119 2345 1242 2374 more
1285 2331 1498 2374 bibantur
1539 2345 1691 2387 aquae:

194 2408 336 2453 Glans
363 2410 477 2452 aluit
501 2413 730 2458 veterem:
769 2409 821 2451 cf.
859 2408 936 2451 Ov.
965 2408 1069 2451 Met.
1105 2409 1139 2451 I.
1175 2410 1268 2451 106.
1310 2408 1362 2450 de
1404 2409 1514 2450 cibis
1546 2423 1692 2451 aureae

194 2487 364 2529 aetatis:
410 2500 530 2541 «quae
556 2484 814 2527 deciderant
837 2486 992 2540 patula
1018 2486 1137 2528 Iovis
1176 2486 1344 2535 arbore,
1389 2486 1610 2529 Glandes»
1649 2489 1693 2528 et

194 2563 322 2617 Verg.
352 2562 428 2606 Ge.
456 2563 489 2605 Ι.
526 2563 781 2605 147—149:
814 2562 986 2604 «Prima
1011 2562 1144 2606 Ceres
1167 2564 1282 2605 ferro
1299 2563 1503 2605 mortalis
1520 2566 1692 2604 vertere

195 2642 359 2682 terram
385 2640 600 2688 Instituit,
628 2652 729 2680 cum
753 2639 845 2681 iam
869 2639 1056 2694 glandes
1082 2643 1212 2695 atque
1231 2640 1390 2681 arbuta
1416 2653 1548 2681 sacrae
1575 2638 1692 2680 Defi-

197 2720 348 2760 cerent
373 2717 536 2760 silvae».
565 2742 618 2745 —
647 2715 912 2772 compositis
933 2748 943 2758 .
968 2749 978 2758 .
1002 2749 1013 2759 .
1041 2715 1214 2773 timuis,
1237 2717 1386 2771 parvis
1401 2716 1539 2770 tignis
1555 2716 1692 2769 pecti-
