1942 3132
772 233 829 264 u>
850 234 880 264 1.
906 233 938 272 1,
964 232 1131 264 11—14.
1642 222 1711 259 129

195 354 229 397 Ι.
270 355 310 402 7,
352 353 436 396 33:
468 356 694 395 «teneram
734 350 851 406 palis
893 349 1136 404 adiungere
1177 351 1358 394 vitem».
1403 351 1466 395 Cf.
1510 354 1612 397 adn.
1653 355 1710 399 ad

195 430 238 479 h.
267 430 295 472 1.
314 454 373 459 -
389 430 574 472 maturo
603 430 816 484 tempore,
840 427 1121 495 Qestive.
1139 426 1450 480 —Rusticus‚
1478 432 1709 484 tamquam
1792 452 1807 480 γ,

195 507 402 554 rusticus,
443 507 495 548 ut
531 505 652 547 infra
686 517 750 547 vs.
778 504 863 546 56:
896 494 1112 545 «ianitor»
1146 506 1191 546 et
1215 504 1249 546 Ι.
1278 505 1318 553 5,
1349 505 1432 546 34;
1465 505 1587 560 «ipsa
1627 508 1708 549 mi-

195 584 381 626 nistra..
408 607 469 612 —
493 581 624 639 sacili
649 614 661 624 .
688 613 700 624 .
727 613 738 625 .
765 591 926 627 manu,
955 579 1139 630 sollerti,
1169 583 1218 622 ut
1246 579 1322 623 Ov.
1351 581 1400 623 A.
1427 581 1477 623 A.
1502 582 1535 624 Ι.
1566 584 1708 626 159—

200 662 309 703 160:
342 660 454 702 «fuit
478 659 588 702 utile
614 659 770 701 multis
782 658 1024 701 Pulvinum
1051 658 1171 700 facili
1200 659 1507 714 composuisse
1525 674 1707 704 manu».

194 763 252 767 —
272 749 430 793 poma,
457 749 629 792 pomos,
657 749 763 778 nam
791 735 983 786 arbores,
1012 749 1107 778 non
1134 737 1306 779 fructus
1333 738 1544 780 arborum
1571 739 1706 792 signi-

192 813 322 863 ficat;
362 814 504 855 altera
535 814 680 855 forma
719 812 838 854 infra
876 812 933 854 Π.
967 814 1003 862 1,
1027 814 1113 855 43:
1148 810 1273 855 itum
1300 814 1476 856 consita
1500 828 1706 870 pomus».

194 889 391 934 Pomum
416 905 524 945 pro:
562 903 724 945 pomus
764 890 900 932 etiam
940 890 1062 944 apud
1088 890 1181 933 Cat.
1210 891 1276 933 De
1304 905 1393 946 agr.
1419 893 1503 934 028:
1537 892 1706 941 «Oleas,

194 968 355 1017 ulmos,
383 966 505 1016 ficos,
538 979 699 1024 poma,
736 966 864 1016 vites,
892 967 1039 1020 pinos,
1081 980 1317 1022 cupressos
1345 982 1448 1010 cum
1487 955 1633 1011 seres»
1665 973 1710 1011 et

193 1044 320 1098 Verg.
351 1043 428 1086 Ge.
455 1043 512 1086 IL
545 1043 812 1086 426—428:
846 1043 1011 1085 «Poma
1042 1057 1231 1098 quoque,
1260 1049 1310 1087 ut
1347 1045 1545 1100 primum
1582 1050 1708 1088 trun-

193 1135 270 1163 cos
296 1134 476 1163 sensere
495 1120 698 1162 valentes
715 1120 772 1161 Et
788 1121 907 1162 vires
925 1120 1122 1163 habuere
1141 1135 1258 1171 suas,
1287 1121 1345 1163 ad
1371 1122 1519 1164 sidera
1545 1123 1708 1177 raptim

192 1197 248 1239 Vi
292 1198 476 1252 propria
520 1198 771 1239 nituntur».
804 1222 863 1226 —
902 1195 1031 1253 Spes,
1078 1197 1174 1247 dea,
1222 1202 1272 1240 ut
1319 1213 1371 1241 ex
1417 1200 1709 1254 sequentibus

191 1276 416 1329 (afrugum
444 1288 622 1329 semper
646 1288 828 1318 acervos
855 1274 1117 1331 Praebeat»)
1144 1277 1289 1318 elucet
1303 1291 1315 1326 ;
1354 1278 1406 1319 cf.
1435 1277 1555 1318 infra
1580 1277 1635 1319 H.
1666 1279 1705 1328 6,

192 1354 397 1396 27—28:
430 1352 566 1407 «Spes
593 1353 771 1395 facilem
798 1353 1026 1395 Nemesim
1068 1354 1261 1408 spondet
1298 1355 1425 1400 mihi.
1455 1355 1534 1397 sed
1571 1358 1708 1410 negat

190 1430 282 1473 illa.
309 1430 364 1472 Ei
402 1431 529 1479 mihi,
569 1445 626 1472 ne
664 1424 832 1481 vincas,
874 1431 985 1473 dura
1022 1432 1188 1486 puella,
1218 1432 1374 1474 deam»
1407 1436 1451 1475 et
1489 1433 1594 1476 ibid.
1624 1435 1707 1476 21:

197 1506 333 1562 «Spes
360 1507 442 1549 alit
468 1508 729 1562 agricolas».
748 1533 808 1537 —-
827 1507 967 1564 pleno
993 1541 1003 1550 .
1034 1542 1043 1550 .
1074 1542 1084 1551 .
1114 1509 1231 1559 lacu,
1258 1511 1602 1564 receptaculum,
1630 1510 1708 1552 ubi

190 1586 389 1626 mustum
417 1597 675 1639 expressum
714 1584 988 1636 servabatur,
1029 1588 1271 1640 antequam
1298 1587 1346 1628 in
1373 1586 1496 1629 dolia
1533 1587 1706 1629 indere-

190 1663 288 1711 tur;
327 1662 380 1704 cf.
420 1662 540 1704 infra
564 1662 621 1704 IL
651 1664 689 1713 3,
720 1663 804 1705 64:
837 1663 926 1705 «Tu
965 1677 1140 1718 quoque
1180 1663 1378 1708 devotos.
1419 1665 1609 1713 Bacche,
1639 1679 1706 1707 re-

189 1737 343 1792 linque
381 1739 531 1781 lacus»
563 1742 608 1781 et
643 1739 700 1781 Π.
741 1741 781 1789 5,
817 1741 1023 1782 85—86:
1049 1739 1258 1782 ¹«Oblitus
1297 1744 1341 1782 et
1382 1746 1532 1783 musto
1575 1743 1706 1783 feriet

189 1813 302 1867 pede
329 1815 523 1858 rusticus
549 1829 671 1865 uvas,
699 1815 833 1866 Delia
860 1815 967 1858 dum
1004 1817 1159 1870 magni
1198 1817 1494 1872 deficiantque
1534 1819 1682 1860 lacus»
1691 1833 1702 1867 ;

189 1890 283 1933 Cat.
312 1891 379 1933 De
404 1904 495 1946 agr.
530 1894 639 1935 113:
673 1893 762 1935 «De
789 1894 890 1935 lacu
918 1906 1051 1948 quam
1090 1894 1286 1948 primum
1314 1895 1470 1937 vinum
1509 1896 1557 1937 in
1584 1896 1705 1938 dolia

189 1967 334 2010 indito
361 2001 372 2010 .
401 2001 411 2011 .
440 2002 450 2011 .
479 1973 584 2023 post
608 1970 705 2011 dies
737 1969 815 2011 XL
841 1970 1082 2012 diffundito
1115 1971 1161 2013 in
1195 1971 1480 2025 amphoras».
1509 1996 1569 2001 ——
1592 1972 1703 2028 pin-

186 2045 300 2102 guia
325 2049 495 2098 musta,
523 2060 616 2089 non
642 2048 810 2096 tenuia,
839 2048 917 2090 sed
943 2048 1094 2098 densa,
1116 2063 1167 2091 ex
1184 2049 1345 2104 quibus
1362 2050 1532 2092 bonum
1547 2051 1705 2093 vinum

188 2123 263 2173 fit;
291 2124 344 2166 cf.
373 2122 545 2166 Colum.
574 2124 639 2166 De
666 2138 713 2166 re
739 2128 848 2167 rust.
877 2125 928 2168 X.
957 2126 1222 2169 432—433:
1256 2127 1467 2169 «Ferveat
1504 2131 1556 2169 ut
1580 2127 1704 2169 lacus

191 2203 234 2242 et
279 2200 422 2242 multo
467 2201 689 2255 completa
728 2201 922 2244 Falerno
964 2202 1194 2246 Exsudent
1238 2204 1397 2258 pingui
1444 2204 1704 2258 spumantia

188 2275 312 2320 dolia
336 2281 530 2319 musto».

248 2355 298 2397 V.
334 2357 520 2398 11—14.
573 2368 778 2409 veneror,
830 2356 1041 2411 religiosa
1092 2359 1384 2400 veneratione
1435 2358 1609 2409 accedo,
1650 2362 1701 2401 ut

187 2431 316 2487 Verg.
355 2433 466 2475 Aen.
507 2433 585 2474 HL
627 2433 709 2475 84:
749 2432 959 2487 «Templa
997 2434 1068 2476 dei
1107 2448 1212 2477 saxo
1250 2436 1496 2478 venerabar
1534 2439 1702 2478 structa

187 2512 408 2553 vetusto».
448 2535 506 2539 —
547 2510 687 2566 stipes
714 2543 724 2552 .
752 2543 763 2553 .
792 2543 802 2553 .
832 2510 1037 2555 desertus
1076 2512 1128 2556 in
1169 2513 1315 2570 ayo-is,
1355 2514 1589 2575 terminus,
1629 2514 1701 2555 cui

188 2599 358 2629 numen
403 2587 658 2630 tribuerunt
704 2588 879 2643 antiqui
894 2602 905 2638 ;
952 2590 1006 2632 cf.
1049 2588 1127 2632 Ov.
1170 2590 1290 2633 Fast.
1334 2590 1390 2632 11.
1435 2575 1698 2633 641—644:

194 2651 436 2713 «firmine,
477 2664 570 2707 sive
608 2664 725 2719 lapis
764 2665 857 2707 sive
896 2678 942 2708 es
981 2665 1185 2709 defossus
1222 2667 1272 2709 in
1311 2668 1427 2722 agris
1455 2667 1616 2722 Stipes,
1645 2667 1699 2708 ab

189 2739 386 2794 antiquis
412 2743 462 2782 tu
488 2754 663 2795 quoque
697 2754 868 2784 numen
905 2741 1056 2793 habes,
1097 2742 1155 2785 Te
1194 2743 1284 2786 duo
1322 2744 1499 2786 diversa
1524 2746 1698 2789 domini

259 2833 437 2869 Nemean.-
456 2835 543 2863 Λιῡεε
563 2835 683 2864 risum
702 2837 870 2864 car-mma.
1532 2829 1553 2861 9
