1942 3132
487 710 883 768 SULPICIAE
920 711 1336 767 ELEGIDIA.

888 891 923 933 Ι.

713 1038 802 1079 Lib.
830 1037 901 1077 IV.
931 1036 1042 1087 eleg.
1069 1038 1110 1078 8.

227 1181 598 1225 Introductio.
624 1181 744 1224 Dicit
778 1180 977 1236 Sulpicia
1007 1182 1202 1224 invisum
1229 1181 1314 1223 sibi
1341 1194 1437 1223 esse
1463 1181 1659 1223 natalem

172 1271 301 1301 suum
326 1259 419 1301 ruri
445 1263 487 1300 et
514 1260 610 1302 sine
638 1258 849 1302 Cerintho
882 1257 1197 1300 celebrandum
1222 1258 1382 1309 (1—4).
1410 1257 1554 1312 Rogat
1579 1258 1660 1312 igi-

171 1338 244 1378 tur
266 1335 536 1386 Messallam,
572 1337 874 1392 propinquum
913 1350 1056 1386 suum,
1085 1337 1162 1390 qui
1197 1336 1395 1391 puellam
1432 1336 1481 1377 in
1505 1335 1658 1378 villam

167 1414 420 1456 Arretinam
458 1414 727 1456 abducturus
766 1417 873 1464 erat,
904 1416 955 1456 ut
990 1414 1152 1455 itinere
1190 1413 1509 1468 intempestivo
1547 1406 1682 1455 desi?

165 1493 254 1533 stat
277 1492 436 1544 (5-8).

223 1568 325 1611 -Hoc
353 1567 578 1623 elegidion
614 1572 659 1610 et
696 1569 929 1623 sequentia
964 1568 1050 1621 (IV.
1095 1569 1134 1618 8,
1163 1570 1203 1618 9,
1243 1570 1309 1619 10,
1342 1570 1406 1619 11,
1440 1569 1504 1611 192.
1535 1571 1579 1610 et
1604 1568 1662 1620 7.)

170 1646 346 1700 scripsit
372 1644 579 1700 Sulpicia,
607 1646 758 1701 puella
783 1645 1076 1696 nobilissima,
1091 1645 1185 1688 filia
1211 1644 1352 1688 Servii
1379 1644 1565 1700 Sulpicii
1590 1646 1658 1692 (cf.

171 1721 242 1763 IV.
276 1723 341 1771 10,
368 1724 424 1775 4).
452 1722 596 1765 Mater
622 1724 718 1765 eius
744 1727 838 1765 erat
859 1723 1161 1765 verisimiliter
1183 1736 1308 1765 soror
1332 1721 1553 1765 MessaHae
1568 1737 1579 1771 ;
1605 1723 1657 1764 cf.

174 1797 434 1854 Hieronym.
465 1799 521 1842 ad
545 1800 778 1843 Iovianum
822 1803 855 1844 1.
885 1814 926 1855 p.
954 1802 1023 1843 46.
1052 1801 1193 1842 ValL:
1226 1799 1439 1849 «Valeria,
1476 1799 1661 1842 Messal-

172 1876 316 1919 larum
343 1889 481 1927 soror,
515 1877 678 1919 amisso
706 1876 858 1919 Servio
884 1877 979 1919 viro
1005 1877 1120 1919 nulli
1144 1876 1322 1918 volebat
1346 1875 1524 1918 nubere.
1555 1875 1662 1928 Quae

171 1955 454 2007 interrogata,
483 1967 561 1995 cur
584 1955 760 2005 faceret,
802 1955 864 1996 ait
890 1954 974 1996 sibi
1001 1967 1176 2008 semper
1212 1954 1421 1996 maritum
1460 1952 1661 1996 Servium

167 2031 357 2073 vivere».

231 2110 416 2151 Amator
442 2110 609 2163 poetriae
637 2109 683 2150 in
709 2109 780 2151 his
797 2109 1069 2151 carminibus
1094 2108 1196 2151 ficto
1213 2109 1396 2151 nomine
1422 2107 1661 2150 Corinthus

172 2186 448 2241 appellatum
477 2189 571 2228 erat
594 2200 697 2228 vero
723 2187 904 2228 nomine
943 2185 1178 2234 Cornutus,
1208 2187 1376 2229 amicus
1402 2186 1578 2236 Tibulli,
1606 2186 1662 2228 ad

173 2277 302 2318 quem
330 2263 440 2305 duas
468 2264 644 2318 elegias,
671 2264 726 2306 II.
756 2265 795 2306 2.
825 2267 867 2306 et
894 2265 932 2306 3.
961 2264 1139 2319 scripsit
1161 2266 1354 2319 poeta&

232 2340 280 2383 V.
315 2342 438 2383 1-4.
479 2339 663 2384 Invisus
700 2340 887 2394 ‘natali-³,
925 2354 981 2384 sc.
1023 2341 1118 2383 dies
1155 2342 1319 2384 natalis
1357 2340 1575 2396 Sulpiciae.
1604 2366 1662 2370 —-

174 2419 275 2462 sine
305 2416 532 2469 Cerintho,
560 2418 765 2473 sperabat
791 2419 912 2460 enim
938 2419 986 2460 in
1009 2418 1118 2461 urbe
1144 2418 1286 2461 natali
1300 2432 1380 2462 suo
1398 2418 1662 2461 Corinthum

172 2495 231 2538 ad
268 2510 315 2538 se
340 2498 588 2538 venturum.
618 2519 676 2524 —
701 2494 916 2538 Arretino
944 2530 952 2538 .
983 2530 991 2538 .
1019 2530 1028 2538 .
1070 2508 1197 2552 ayro,
1239 2500 1333 2538 erat
1370 2497 1507 2551 igitur
1546 2495 1663 2550 apud

230 2738 249 2756 *
278 2740 332 2775 Cf.
358 2740 459 2775 infra
484 2741 641 2774 Excurs.
668 2739 735 2774 VI.
