1942 3132
766 219 824 248 m
843 219 875 248 1.
898 217 934 256 a,
957 217 1125 249 47—52.
1634 200 1702 244 »101

193 347 388 378 meum».
419 362 473 365 ——
500 349 656 387 verax,
675 335 882 382 veridica.
916 339 967 378 ut
991 336 1100 379 Hor.
1130 336 1275 380 Carm.
1305 337 1411 380 Saec.
1443 342 1523 382 225:
1557 354 1704 383 «vera-

193 426 266 455 ces
312 414 527 456 cecinisse
575 414 762 457 Parcae».
801 437 859 443 —
893 413 1072 471 Μαρίου
1099 446 1109 456 .
1139 446 1149 456 .
1178 447 1188 456 .
1218 415 1489 466 ministerio,
1539 418 1703 460 auxilio

193 479 379 543 magico.
426 491 642 534 auxilium
680 491 794 534 mihi
836 492 984 533 ferens
1026 491 1197 535 artibus
1237 486 1438 546 magicis.
1472 519 1529 522 —
1571 494 1706 539 Hanc

193 579 275 624 eqo
297 601 307 610 .
331 601 341 610 .
367 601 376 610 .
406 567 641 612 ducentem
657 566 813 611 sidera
839 601 849 610 .
877 601 888 611 .
916 601 926 611 .
955 567 1192 612 Fluminis
1216 572 1311 620 etc„
1331 574 1381 612 ut
1396 571 1542 625 Apoll.
1560 571 1702 615 Rhod.

191 646 355 699 Argon.
383 646 462 689 ΠΙ.
491 647 740 690 552—553.
759 645 814 688 de
831 645 1016 688 Medea:
1045 645 1133 690 Καὶ
1158 650 1371 705 ποταμοὺς
1394 646 1559 706 ἵστησιν
1585 649 1703 708 ἄφαρ

189 723 413 766 κελαδεινὰ
439 721 621 780 ῥέοντας,
640 720 794 778 Ἄστρα
807 737 851 765 τε
867 725 940 765 καὶ
957 726 1091 781 μήνης
1121 721 1256 780 ἱεροὺς
1276 723 1454 782 ἐπέδησε
1472 727 1702 774 κελευθοός

193 803 237 841 et
263 799 392 854 Prop.
419 800 453 842 L
487 802 522 844 1.
550 801 752 843 23—24:
785 800 932 843 «Tunc
970 814 1052 854 ego
1092 800 1356 844 crediderim
1396 803 1522 845 vobis
1562 807 1607 845 et
1645 805 1702 845 si-

192 877 295 919 dera
325 880 370 919 et
394 890 550 920 amnes
587 876 722 919 Posse
754 876 975 931 Cytaeines
1015 877 1174 920 ducere
1214 879 1535 922 carminibus».
1563 905 1622 909 ---
1647 879 1704 923 sle

191 953 300 997 caelo
326 953 562 998 ducentem
585 952 750 1003 sidera,
779 956 830 996 ut
854 967 992 1008 supra
1017 955 1050 996 I.
1071 955 1111 1004 8,
1133 956 1215 997 522:
1241 955 1434 998 «Cantus
1461 959 1506 998 et
1532 970 1555 999 e
1572 970 1704 999 curru

192 1031 367 1074 Lunam
393 1030 608 1074 deducere
633 1034 847 1085 temptat»
856 1046 867 1080 3
894 1033 947 1073 cf.
974 1032 1084 1074 Hor.
1111 1032 1252 1087 Epod.
1281 1035 1321 1082 5,
1342 1034 1546 1076 45—46:
1570 1035 1701 1087 «Quae

193 1108 339 1151 sidera
372 1111 602 1151 excantata
627 1122 735 1151 voce
761 1109 976 1151 Thessala
1001 1110 1266 1165 Lunamque
1294 1111 1401 1154 caelo
1442 1111 1628 1167 deripit»
1662 1115 1706 1154 et

192 1186 297 1228 ibid.
331 1187 397 1235 17,
424 1187 569 1229 4-—52
602 1186 709 1228 «Per
734 1189 866 1241 atque
903 1186 1043 1229 libros
1069 1189 1320 1230 carminum
1345 1189 1595 1231 valentium
1620 1189 1705 1232 Be·

191 1263 278 1306 fixa
316 1264 423 1306 caelo
461 1263 675 1307 devocare
714 1264 904 1307 sidera».
933 1289 991 1294 —
1018 1263 1253 1309 Fluminis
1294 1265 1386 1310 haec
1412 1266 1569 1322 ‘rapidi
1594 1280 1702 1310 car-

192 1340 316 1383 mine
339 1342 473 1385 vertit
498 1341 595 1389 iter,
613 1344 665 1383 ut
680 1355 834 1384 versus
852 1343 1025 1384 fontem
1051 1346 1300 1385 revertatur
1324 1342 1521 1394 flumen3
1548 1346 1602 1387 cf.
1623 1343 1702 1387 Ov.

191 1417 297 1460 Her.
327 1420 367 1467 6,
396 1420 466 1461 87.
497 1418 550 1461 de
575 1418 760 1462 Medea:
794 1420 904 1462 «Illa
929 1422 1126 1463 refrenat
1158 1434 1298 1475 aquas
1325 1422 1596 1477 obliquaque
1621 1422 1703 1464 flu-

190 1495 317 1537 mina
350 1496 509 1545 sistit»,
537 1497 634 1538 Am.
663 1497 718 1539 II.
754 1498 789 1546 1,
818 1499 901 1540 26:
935 1498 1100 1552 «Inque
1139 1512 1245 1541 suos
1284 1499 1432 1541 fontes
1470 1513 1600 1542 versa
1638 1513 1705 1542 re-

191 1573 330 1615 currit
355 1586 514 1628 aqua»‚
541 1573 657 1616 Med.
686 1575 773 1616 40:
806 1575 919 1616 «Nec
946 1574 1061 1616 redit
1101 1575 1150 1616 in
1191 1576 1341 1617 fontes
1380 1576 1502 1617 unda
1540 1577 1705 1631 supina

194 1663 340 1697 suos»,
382 1650 478 1692 Am.
523 1650 555 1692 L
591 1652 631 1699 8,
661 1653 713 1693 6:
746 1651 910 1706 «Inque
953 1655 1087 1706 caput
1125 1652 1324 1706 liquidas
1367 1656 1461 1694 arte
1502 1657 1705 1695 recurvat

193 1740 375 1781 aquas».
403 1753 461 1756 -
486 1729 618 1772 vertit
643 1728 742 1777 iter,
770 1731 821 1770 ut
846 1728 924 1771 Ov.
954 1729 1017 1770 Ex
1042 1729 1168 1772 Pont.
1198 1730 1270 1772 IV.
1300 1732 1340 1779 6,
1368 1732 1453 1772 45:
1487 1731 1626 1772 «Ister
1650 1732 1704 1772 In

193 1807 326 1859 caput
351 1804 525 1846 Euxino
552 1805 606 1846 de
631 1819 754 1847 mare
780 1807 914 1848 vertit
939 1807 1065 1849 iter».
1096 1832 1154 1835 -—>
1179 1810 1320 1850 cantu
1357 1807 1580 1864 finditque
1622 1821 1701 1852 so-

195 1881 291 1924 lum
330 1894 576 1938 manesque
611 1882 831 1937 sepulcris
870 1882 1017 1934 Elicit,
1058 1888 1107 1926 ut
1135 1884 1210 1927 Ov.
1239 1886 1335 1926 Am.
1365 1885 1398 1926 Ι.
1430 1886 1469 1933 8,
1506 1885 1703 1927 17—-182

201 1958 391 2000 «Evocat
428 1959 637 2013 antiquos
674 1973 865 2014 proavos
903 1964 1147 2016 atavosque
1187 1962 1404 2016 sepulcris
1429 1961 1485 2003 Et
1512 1961 1702 2004 solidam

194 2036 329 2090 longo
355 2037 554 2078 carmine
578 2035 707 2078 findit
733 2037 946 2080 humum»
969 2041 1012 2080 et
1028 2038 1152 2080 Rem.
1171 2040 1432 2082 253—254:
1468 2039 1564 2081 «Me
1593 2039 1702 2081 duce

195 2126 286 2155 non
328 2114 503 2155 tumulo
548 2112 722 2166 prodire
763 2113 990 2156 iubebitur
1029 2114 1200 2165 umbra,
1245 2114 1345 2157 Non
1387 2128 1500 2157 anus
1542 2111 1716 2158 infami

195 2191 393 2232 carmine
434 2192 611 2243 rumpet
650 2190 882 2232 humum».
912 2215 970 2219 —
1009 2190 1157 2247 lepido
1201 2189 1386 2235 devocat
1428 2204 1537 2234 ossa
1577 2204 1700 2248 rogo,

195 2267 426 2318 hominem
465 2266 598 2309 modo
637 2270 881 2309 crematum
920 2269 1092 2319 excitat,
1127 2271 1177 2311 ut
1213 2269 1322 2311 Hor.
1351 2269 1490 2323 Epod.
1526 2270 1589 2320 17,
1620 2271 1703 2313 79:

201 2344 400 2386 «Possim
436 2347 655 2386 crematos
694 2345 882 2386 excitare
919 2347 1164 2395 mortuos»;
1202 2346 1350 2388 locum
1389 2347 1592 2390 imitatur
1623 2347 1700 2390 Ov.

195 2421 300 2463 Her.
345 2422 386 2470 6,
429 2422 513 2463 90:
546 2420 787 2475 «Certaque
829 2420 882 2463 de
924 2421 1088 2476 tepidis
1130 2422 1303 2478 colligit
1341 2437 1443 2466 ossa
1482 2425 1626 2478 rogis»
1660 2429 1703 2466 et

195 2499 324 2540 Trist.
351 2499 386 2548 I,
413 2500 453 2547 5,
490 2500 565 2541 12:
599 2499 710 2541 «Ibit
735 2502 779 2541 et
803 2500 852 2541 in
877 2499 1027 2554 tepido
1053 2500 1228 2543 deseret
1253 2515 1354 2544 ossa
1381 2515 1530 2555 rogo».

255 2575 305 2618 V.
332 2577 524 2618 47-5-2.
554 2578 670 2620 tenet
694 2608 705 2618 .
733 2608 744 2618 .
772 2608 783 2618 .
811 2575 1020 2633 infernas
1045 2610 1055 2619 .
1084 2610 1095 2620 .
1123 2611 1134 2620 .
1164 2579 1380 2628 catervas,
1410 2578 1580 2621 detinet
1607 2580 1700 2620 ani-

196 2666 293 2694 mas
331 2656 548 2701 evocatas,
591 2655 641 2694 ut
681 2665 783 2694 cum
822 2653 880 2695 iis
920 2653 1212 2709 colloquatur,
1255 2658 1305 2697 ut
1341 2654 1450 2697 Hor.
1481 2654 1569 2696 Sat.
1599 2655 1630 2696 I.
1660 2655 1701 2704 8,

199 2730 402 2772 39—40:
435 2744 547 2785 «quo
573 2733 703 2784 pacto
730 2730 903 2772 alterna
927 2730 1163 2786 loquentes
1189 2732 1367 2775 Umbroe
1400 2746 1501 2774 cum
1529 2732 1698 2784 Sagana

270 2823 447 2858 Nemethy:
466 2824 549 2852 Αιῡῐι·
573 2823 691 2851 Tibulli
711 2823 877 2852 carmina.
1515 2814 1550 2847 11
