1942 3132
167 1832 207 1855 10

501 779 508 786 .
565 730 1393 811 TIBULLIELEGIDIA

508 820 618 875 DE
669 820 958 874 AMORE
1009 817 1427 873 SULPICIAE

956 1031 987 1074 L

280 1120 479 1174 Sulpicia
496 1123 562 1162 est
582 1120 664 1161 tibi
686 1120 806 1161 culta
827 1120 932 1169 tuis,
955 1119 1075 1161 Mars
1098 1132 1276 1173 magne,
1296 1118 1524 1160 kalendis:

344 1196 602 1252 Spectatum
629 1211 650 1239 e
678 1197 798 1248 caelo,
828 1197 866 1238 si
894 1197 1028 1251 sapis,
1057 1197 1154 1250 ipse
1180 1196 1297 1238 veni.

281 1275 379 1316 Hoc
404 1274 555 1316 Venus
582 1275 807 1328 ignoscet:
835 1276 882 1315 at
907 1276 968 1325 tu,
997 1274 1204 1323 violente,
1234 1275 1400 1324 caveto,

342 1352 405 1392 Ne
431 1351 513 1392 tibi
539 1350 720 1392 miranti
746 1351 938 1405 turpiter
963 1364 1087 1392 arma
1113 1350 1286 1392 cadant.
1340 1345 1344 1349 ’

255 1450 257 1453 ·
283 1428 411 1469 Illius
438 1442 490 1469 ex
516 1427 668 1477 oculis,
698 1441 800 1469 cum
825 1428 920 1470 vult
947 1440 1128 1469 exurere
1155 1427 1296 1477 divos,

345 1504 552 1546 Accendit
577 1504 781 1557 geminas
806 1503 1040 1557 lampadas
1066 1517 1167 1546 acer
1191 1504 1339 1545 Amor.

282 1582 424 1630 illam,
454 1581 669 1635 quidquid
695 1581 798 1634 agit,
828 1594 1005 1635 quoquo
1030 1581 1220 1634 vestigia
1245 1581 1397 1631 movit,

341 1657 580 1711 Componit
607 1658 760 1698 furtim
792 1657 1162 1712 subsequiturque
1189 1657 1343 1699 Decor.

283 1734 371 1777 Seu
398 1734 530 1777 solvit
554 1735 712 1783 crines,
741 1734 852 1775 fusis
880 1734 1004 1775 decet
1031 1747 1126 1776 esse
1154 1734 1352 1788 capillis:

343 1811 431 1853 Seu
455 1812 659 1865 compsit,
688 1810 878 1864 comptis
905 1814 972 1852 est
996 1810 1250 1852 veneranda
1276 1811 1427 1852 comis.

282 1889 392 1938 Urit,
421 1901 501 1931 seu
525 1888 658 1942 Tyria
682 1887 824 1929 voluit
848 1888 1087 1941 procedere
1113 1887 1259 1942 palla:

342 1966 452 2014 Urit,
482 1979 560 2007 seu
585 1965 716 2007 nivea
742 1964 930 2006 candida
956 1967 1077 2007 veste
1103 1965 1239 2006 venit.

281 2042 400 2084 Talis
426 2043 473 2083 in
499 2044 664 2084 aeterno
692 2042 796 2101 felix
820 2041 1092 2084 Vertumnus
1119 2041 1308 2095 Olympo

342 2118 465 2160 Mille
492 2119 628 2160 habet
654 2121 849 2168 ornatus,
878 2119 1003 2160 mille
1029 2118 1235 2160 decenter
1261 2118 1408 2160 habet.

285 2195 389 2238 Sola
412 2196 666 2249 puellarum
695 2195 828 2249 digna
857 2198 934 2245 est,
963 2196 1035 2237 cui
1061 2196 1218 2237 mollia
1243 2195 1356 2237 caris

342 2272 519 2313 Vellera
544 2272 618 2312 det
645 2273 760 2313 sucis
787 2272 855 2314 bis
881 2272 1132 2314 madefacta
1157 2272 1305 2326 Tyros,

284 2348 614 2401 Possideatque,
643 2349 770 2389 metit
798 2349 1012 2403 quidquid
1038 2349 1150 2390 bene
1178 2348 1404 2390 olentibus
1430 2348 1547 2390 arvis

344 2425 498 2467 Cultor
524 2425 715 2467 odoratae
744 2426 864 2467 dives
892 2426 1032 2467 Arabs
1059 2425 1221 2480 segetis

283 2502 339 2543 Et
366 2514 664 2555 quascumque
690 2502 816 2554 niger
842 2502 975 2543 rubro
1002 2502 1054 2543 de
1081 2503 1211 2544 litore
1238 2514 1436 2555 gemmas

343 2572 575 2620 Proximus
603 2578 694 2618 eois
722 2578 891 2631 colligit
917 2579 1054 2621 Indus
1082 2579 1220 2633 aquis.

285 2654 413 2696 Hanc
437 2667 529 2702 vos,
557 2653 765 2704 Pieiides‚
795 2655 920 2697 festis
946 2658 1121 2697 cantate
1149 2653 1364 2704 kalendis,

344 2730 400 2772 Et
424 2728 678 2772 testudinea
702 2729 864 2771 Phoebe
891 2732 1078 2784 superbe
1104 2732 1212 2785 lyra.

1610 1118 1676 1154 IV.
1695 1119 1728 1153 Ξ.
