1942 3132
298 224 347 258 30
1003 238 1033 266 1.
1056 236 1091 266 2.

360 353 450 394 Nec
477 352 604 395 docet
630 353 714 396 hoc
741 366 910 405 omnes,
939 354 1017 396 sed
1043 367 1154 408 quos
1179 366 1261 394 nec
1287 353 1450 394 inertia
1474 352 1630 402 tardat,

418 429 508 471 Nec
533 432 654 472 vetat
679 430 866 472 obscura-
893 443 1070 484 surgere
1097 432 1227 471 nocte
1254 430 1400 471 timor.

222 524 264 548 εὖ
358 505 428 546 En
455 518 535 559 ego
562 518 663 547 cum
689 505 886 547 tenebris
913 507 1008 548 tota
1033 519 1170 559 vagor
1197 506 1353 547 anxius
1379 506 1498 556 urbe,

223 676 288 700 esa
359 658 447 700 Nec
475 659 581 700 sinit
608 661 809 701 occurrat
835 658 1082 712 quisquam,
1113 659 1187 712 qui
1215 673 1402 713 corpora
1428 660 1543 700 ferro

419 735 634 777 Vulneret
659 738 738 778 aut
762 739 889 790 rapta
914 737 1098 790 praemia
1124 739 1246 778 veste
1271 739 1405 790 petat.

361 812 571 866 Quisquis
599 826 748 855 amore
774 816 963 864 tenetur,
994 816 1065 855 eat
1091 816 1302 868 tutusque
1330 827 1537 868 sacerque

421 889 652 942 Qualibet:
679 890 866 932 insidias
893 903 987 931 non
1011 890 1215 932 timuisse
1243 890 1378 932 decet.

359 967 459 1009 Non
484 966 597 1008 mihi
620 967 747 1021 pigra
772 970 938 1008 nocent
963 967 1160 1008 hibernae
1188 968 1352 1020 frigora
1378 968 1535 1017 noctis,

223 1060 265 1084 80
418 1043 518 1084 Non
543 1042 668 1091 mihi,
697 1055 799 1084 cum
825 1043 966 1083 multa,
993 1042 1157 1084 decidit
1181 1044 1323 1085 imber
1350 1058 1476 1098 aqua.

357 1120 457 1162 Non
481 1120 607 1161 labor
632 1120 703 1160 hic
728 1119 860 1169 laedit,
890 1122 1054 1160 reseret
1079 1120 1213 1162 modo
1239 1120 1366 1162 Delia
1393 1123 1544 1174 postes

420 1196 476 1237 Et
501 1197 628 1238 vocet
655 1195 709 1237 ad
727 1192 862 1248 'digiti
887 1209 958 1237 me
985 1197 1208 1237 taciturna
1236 1210 1407 1238 sonum.

362 1272 533 1314 Parcite
560 1272 820 1322 luminibus,
852 1285 930 1313 seu
955 1273 1022 1314 vir
1049 1286 1127 1314 seu
1154 1273 1321 1314 femina
1345 1272 1422 1314 fiat

421 1348 586 1392 Obvia:
613 1349 748 1391 celari
771 1349 868 1391 vult
894 1363 974 1391 sua
1000 1350 1119 1395 furta
1143 1349 1307 1391 Venus.
1347 1384 1349 1386 .

224 1444 264 1468 35
361 1426 457 1467 Neu
483 1426 672 1479 strepitu
698 1427 859 1467 terrete
886 1426 1064 1479 pedum,
1093 1440 1183 1468 neu
1210 1426 1391 1480 quaerite
1417 1440 1596 1478 nomen,

420 1504 518 1546 Neu
541 1517 680 1557 prope
707 1503 898 1556 fulgenti
923 1503 1098 1545 lumina
1125 1504 1234 1544 ferte
1263 1504 1370 1544 face.

361 1579 407 1622 Si
435 1581 533 1634 quis
561 1583 604 1622 et
629 1579 891 1633 imprudens
918 1580 1149 1633 aspexerit,
1180 1581 1352 1622 occulat
1376 1580 1449 1621 ille

418 1657 587 1711 Perque
614 1656 719 1698 deos
747 1669 901 1698 omnes
929 1669 974 1697 se
1000 1657 1259 1698 meminisse
1287 1659 1443 1710 neget:

358 1734 471 1776 Nam
498 1735 633 1775 fuerit
658 1733 924 1787 quicumque
949 1734 1122 1786 loquax,
1152 1734 1190 1774 is
1218 1733 1435 1786 sanguine
1462 1735 1626 1780 natam,

224 1828 266 1852 40
421 1811 464 1852 Is
489 1810 710 1852 Venerem
737 1824 759 1851 e
787 1809 941 1851 rabido
969 1809 1133 1850 sentiet
1160 1823 1255 1850 esse
1282 1808 1407 1851 mari.

360 1888 398 1929 N
403 1901 450 1930 ec
476 1891 630 1930 tamen
655 1887 758 1928 huic
786 1887 935 1927 credet
960 1887 1156 1927 coniunx
1179 1889 1298 1937 tuus,
1326 1889 1376 1927 ut
1400 1886 1515 1927 mihi
1539 1899 1670 1927 verax

420 1964 623 2006 Pollicita
650 1966 716 2005 est
741 1963 912 2016 magico
941 1975 1046 2016 saga
1072 1962 1334 2003 ministerio.

360 2041 488 2083 Hanc
517 2054 596 2094 ego
625 2040 677 2081 de
704 2040 808 2081 caelo
836 2039 1072 2080 ducentem
1100 2039 1244 2080 sidera,
1268 2039 1371 2088 vidi,

420 2118 644 2159 Fluminis
669 2118 763 2158 haec
789 2116 934 2170 rapidi
960 2116 1158 2157 carmine
1184 2116 1318 2158 vertit
1343 2117 1439 2166 iter,

226 2211 265 2235 46
361 2195 467 2236 Haec
493 2197 628 2236 cantu
652 2193 869 2247 finditque
897 2193 1043 2234 solum
1068 2205 1310 2246 manesque
1339 2193 1552 2247 sepulcris

421 2271 554 2312 Elicit
581 2272 624 2311 et
648 2269 800 2323 tepido
828 2269 1012 2311 devocat
1039 2282 1140 2310 ossa
1165 2282 1300 2322 rogo:

364 2348 461 2389 Iam
485 2349 610 2388 tenet
633 2347 833 2387 infernas
859 2347 1031 2400 magico
1061 2347 1246 2389 stridore
1275 2350 1484 2391 catervas-

423 2424 518 2466 Iam
545 2424 668 2465 iubet
695 2437 897 2477 aspersas
923 2425 1036 2465 lacte
1064 2425 1225 2465 referre
1252 2424 1424 2479 pedem.

365 2499 477 2543 Cum
502 2500 624 2551 libet,
652 2501 746 2541 haec
771 2500 889 2541 tristi
917 2500 1093 2542 deducit
1118 2501 1274 2542 nubila
1300 2501 1433 2543 caelo:

226 2595 267 2619 zo
423 2576 535 2619 Cum
560 2577 679 2626 libet,
709 2577 861 2618 aestivo
887 2580 1102 2619 convocat
1128 2578 1231 2620 orbe
1257 2579 1397 2621 nives.

365 2652 469 2695 Sola
494 2656 645 2694 tenere
671 2653 814 2694 malas
838 2652 1005 2694 Medeae
1033 2653 1194 2695 dicitur
1220 2653 1394 2705 herbas,

425 2729 530 2771 Sola,
555 2729 671 2771 feros
697 2728 876 2770 Hecatae
902 2729 1207 2782 perdomuisse
1235 2743 1380 2772 canes.
