1942 3132
694 217 1016 254 Anno-numme
1036 217 1228 254 omnem.
1416 271 1418 273 Ι
1630 205 1704 246 ‘31'1

203 349 218 356 ·
273 341 343 383 IV.
375 343 441 384 11.
467 366 525 373 -—
555 344 592 385 1.
617 342 699 398 pia
723 341 958 392 cura:·D;
982 334 1242 398 placitura:
1269 342 1318 384 A.
1354 367 1409 370 —
1448 345 1488 385 5.
1528 345 1604 386 at:
1644 342 1707 393 Ἐς

212 415 303 460 ah:
331 417 391 467 V;
420 416 508 461 ha.-
537 419 586 461 A.
614 418 687 462 si.-
712 418 777 468 D;
803 417 943 475 quid.-
971 418 1020 460 A.
1048 443 1107 447 —
1133 419 1173 461 6.
1203 418 1351 461 lento.-
1379 418 1440 468 F;
1469 418 1607 463 lecto:
1642 419 1707 469 V;

210 494 301 539 'leto
316 510 329 536 .·
357 495 406 553 Α.
1124 505 1126 508 ’

271 571 343 613 IV.
372 573 412 614 7.
441 597 495 601 —
528 574 564 615 1.
591 570 676 615 Hie
699 584 854 615 versus
879 572 929 614 in
954 572 991 614 A
1016 571 1086 614 bie
1112 573 1302 627 scriptus
1326 576 1393 615 est
1406 587 1418 622 ;
1440 575 1587 628 priore
1609 574 1707 616 loco

210 646 379 704 pudori
403 648 579 703 legitur,
619 649 866 704 posteriore
897 648 1090 706 pudore.
1128 674 1186 679 -—
1225 651 1264 692 2.
1306 648 1483 693 Fama:
1525 650 1681 705 scripsi
1695 665 1707 700 ;

210 725 370 781 sama:
400 725 617 769 editiones
643 739 813 770 omnes.
834 726 1202 781 Interpunetione
1223 729 1396 769 mutata.
1419 740 1599 768 sensum
1621 727 1709 769 loci

213 803 448 846 restituere
470 806 656 847 conatus
678 817 803 854 sum3
825 804 878 846 ef.
902 803 1004 846 adn.
1028 817 1147 859 exeg.
1171 804 1227 846 ad
1248 805 1292 846 h.
1315 805 1344 846 l.
1367 830 1425 833 -
1448 806 1488 847 6.
1507 817 1595 847 sua
1611 821 1623 845 :
1647 804 1709 853 F;

213 892 377 922 suam:
406 882 454 923 A.
482 907 541 911 -—
567 883 606 925 8.
634 894 719 924 ne.-
746 881 812 931 D;
838 895 938 925 me.-
962 883 1011 924 A.
1040 894 1200 926 nemo:
1229 882 1295 933 D;
1320 882 1480 925 vem‘o:
1508 883 1557 925 A.

453 1121 547 1161 vn.
577 1122 739 1163 Tibulli
767 1123 956 1174 elegidia.
984 1124 1037 1164 de
1068 1135 1217 1164 amore
1247 1122 1468 1175 Sulpiciae.

272 1267 343 1309 IV.
373 1268 412 1309 2.
440 1291 498 1295 ——
528 1268 594 1310 14.
623 1265 783 1309 habet.-
812 1266 877 1316 D;
906 1266 1054 1310 hunc.-
1098 1268 1147 1309 A.
1187 1293 1245 1296 —
1282 1269 1352 1311 923.
1395 1267 1499 1312 huic
1534 1269 1678 1326 sumet
1696 1285 1710 1310 .-

213 1358 294 1398 ego
320 1344 516 1394 conieci;
543 1342 625 1388 hoc
650 1344 821 1400 sumet:
848 1345 888 1386 D
903 1360 914 1395 ;
953 1343 1046 1388 haec
1071 1347 1218 1389 sumet
1234 1362 1247 1387 .·
1271 1345 1307 1387 F
1322 1360 1332 1395 3
1357 1344 1437 1389 hoc
1459 1349 1635 1390 sumet:
1659 1347 1710 1388 A.

211 1420 363 1464 Lectio
384 1422 586 1464 codicum
608 1422 879 1477 optimorum
903 1422 1080 1465 defendi
1101 1437 1195 1465 non
1215 1426 1375 1478 potest,
1401 1425 1505 1479 quia
1527 1436 1713 1467 sacrum

212 1512 390 1542 sumere
415 1513 497 1555 pro
523 1513 561 1542 s.
587 1499 814 1543 celebrare
839 1514 933 1542 non
959 1503 1027 1543 est
1051 1501 1211 1543 Latine
1238 1501 1419 1544 dictum.
1448 1499 1582 1555 Origo
1617 1515 1711 1543 eor-

212 1562 420 1630 riip‘telae:
446 1576 642 1631 primum
666 1590 748 1632 pro
773 1577 918 1634 sumet
948 1578 1164 1632 seriptum
1200 1580 1269 1620 eet
1307 1580 1455 1622 sumet
1491 1580 1558 1631 (ut
1594 1579 1714 1620 infra

212 1652 284 1694 IV.
312 1654 352 1703 6,
384 1654 451 1695 14.
476 1653 526 1694 in
550 1654 588 1694 A
614 1653 679 1697 sic
704 1668 785 1709 pro
810 1654 862 1710 fit
888 1658 930 1697 et
955 1655 1028 1698 IV.
1066 1656 1132 1705 13,
1173 1657 1243 1698 23.
1282 1656 1330 1698 in
1368 1656 1523 1698 eodem
1561 1655 1712 1698 codiee

213 1726 442 1784 confidam
466 1742 545 1783 pro
571 1729 838 1784 comiciam),
866 1731 1026 1773 deinde
1052 1745 1133 1786 pro
1160 1731 1308 1774 dativo
1336 1731 1441 1776 huic
1466 1746 1559 1774 non
1579 1733 1710 1774 intel-

212 1806 327 1848 lecto
353 1807 401 1848 in
438 1806 474 1848 F
511 1805 622 1850 haec
657 1810 701 1861 (i.
742 1824 778 1852 e.
819 1808 1044 1864 Sulpicia),
1084 1811 1133 1851 in
1168 1811 1206 1851 A
1243 1808 1324 1853 hoc
1362 1811 1405 1862 (i.
1445 1823 1481 1852 e.
1522 1811 1714 1862 sacrum)

214 1885 427 1940 scriptum
454 1889 521 1928 est
547 1900 598 1928 ex
623 1886 892 1929 coniectura.
919 1911 977 1914 -—
1003 1887 1073 1928 24.
1102 1884 1238 1930 choro
1255 1903 1268 1927 .·
1295 1886 1335 1928 D
1350 1901 1361 1936 ;
1389 1885 1518 1930 thoro
1535 1903 1548 1928 .-
1575 1887 1625 1928 A.

276 1963 342 2007 lV.
372 1965 410 2005 3.
440 1989 497 1993 —
536 1965 575 2006 3.
610 1963 818 2021 proelia:
862 1963 923 2014 F;
961 1966 1171 2020 pectore:
1214 1964 1263 2006 A.
1303 1989 1360 1993 -
1406 1965 1472 2006 18.
1516 1976 1599 2007 ne:
1646 1963 1710 2014 G;

213 2040 272 2083 du
290 2058 303 2083 .·
339 2042 390 2083 A.

273 2117 343 2159 IV.
383 2120 423 2161 4.
464 2144 521 2147 —
560 2121 599 2161 6.
643 2118 893 2176 lanquida:
934 2119 1126 2162 conieeit
1161 2119 1338 2173 Rigler;
1377 2117 1606 2162 candida:
1646 2117 1711 2166 D;

207 2194 416 2250 pallida.-
444 2197 494 2237 A.
522 2195 697 2238 Codicis
722 2197 759 2237 A
784 2196 915 2239 lectio
943 2201 1041 2240 orta
1066 2199 1133 2239 est
1159 2211 1211 2239 ex
1235 2196 1510 2251 praecedente
1542 2197 1620 2246 (vs.
1655 2195 1715 2246 5.)

207 2257 464 2328 pallevzles;
483 2273 615 2315 lectio
632 2272 835 2316 codicum
850 2273 1120 2316 deteriorum
1137 2276 1320 2329 propter
1333 2272 1561 2330 pallentes
1579 2274 1713 2314 artus

212 2352 291 2402 (ve.
320 2352 378 2403 5.)
415 2364 507 2392 non
545 2350 719 2392 videtur
755 2363 852 2393 esse
887 2350 1154 2406 recipienda.
1195 2349 1508 2393 coniecturam
1546 2349 1712 2402 Rigleri

215 2425 532 2469 commendant
570 2426 659 2469 loci
698 2426 904 2481 paralleli
946 2440 1080 2482 supra
1120 2428 1169 2470 in
1206 2426 1306 2470 adn.
1347 2441 1465 2482 exeg.
1506 2427 1562 2469 ad
1598 2427 1642 2468 h.
1681 2426 1711 2467 1.

215 2503 356 2546 allati.
384 2528 441 2532 —
468 2505 509 2546 8.
534 2502 744 2560 rapidis:
771 2503 809 2546 V
820 2519 831 2554 ς
857 2503 1063 2548 rabidis.-
1091 2505 1142 2546 A.
1168 2530 1227 2534 —
1257 2505 1323 2547 17.
1351 2506 1428 2547 at:
1456 2504 1517 2553 V;
1545 2517 1626 2546 ac:
1661 2504 1710 2544 A.

273 2580 344 2622 IV.
373 2582 413 2622 5.
438 2605 494 2609 —
522 2582 558 2623 1.
581 2581 662 2636 qui
682 2579 824 2624 mihi:
849 2581 911 2631 F;
933 2583 1002 2624 est
1022 2581 1129 2638 qui:
1154 2583 1204 2623 A.
1232 2607 1285 2610 —
1306 2583 1346 2624 4.
1371 2579 1591 2625 dederunt
1609 2597 1621 2621 :
1646 2579 1711 2628 D;

213 2656 461 2701 dederant:
489 2658 538 2699 A.
566 2682 624 2687 —
650 2659 690 2700 9.
717 2670 911 2714 mamae.-
939 2658 1005 2708 D;
1032 2671 1197 2702 mane.-
1225 2660 1274 2701 A.
1303 2683 1361 2687 —
1388 2660 1452 2700 10.
1478 2657 1620 2700 calet:
1646 2656 1711 2705 D;

216 2734 356 2777 volet:
385 2732 446 2784 F;
471 2734 619 2778 valet:
648 2734 697 2776 A.
724 2759 782 2763 —
812 2736 879 2777 16.
906 2747 991 2778 nos
1008 2752 1021 2776 :
1050 2735 1114 2785 G;
1140 2736 1189 2777 in
1215 2736 1251 2776 A
1276 2748 1431 2777 rasura
1456 2735 1592 2776 trium
1619 2735 1711 2775 fere
