1942 3132
876 220 907 249 1.
934 218 970 250 4.

288 338 396 381 Post
419 338 555 380 etiam
582 337 699 379 collo
725 350 772 379 se
798 336 1075 390 implicuisse
1102 337 1234 378 volet.

228 415 331 458 Heu
357 415 475 458 male
502 429 623 458 nunc
657 418 774 458 artes
799 414 988 456 miseras
1014 414 1108 455 haec
1135 415 1297 456 saecula
1323 417 1541 457 tractant:

289 491 384 534 Iam
410 494 539 533 tener
564 491 767 534 adsuevit
790 503 981 532 munera
1004 489 1122 532 velle
1148 504 1271 544 puer.

228 570 287 612 At
310 572 374 619 tu,
401 571 475 625 qui
503 570 723 612 Venerem
748 567 939 611 docuisti
965 566 1158 609 vendere
1184 569 1369 622 primus,

291 646 503 702 Quisquis
530 661 591 698 es,
618 646 775 689 infelix
800 649 959 700 urgeat
984 659 1086 688 ossa
1112 645 1240 700 lapis.

228 724 438 774 Pieridas,
466 725 608 779 pueri,
635 725 790 766 doctos
816 726 861 765 et
887 725 1035 766 amate
1062 725 1230 776 poetas,

289 802 435 843 Aurea
459 814 543 843 nec
567 804 781 855 superent
805 813 995 842 munera
1020 799 1230 841 Pieridas.

230 877 439 920 Carmine
463 892 688 933 purpurea
715 880 782 920 est
807 877 904 919 Nisi
931 890 1085 920 coma:
1112 877 1312 919 carmina
1337 877 1385 918 ni
1413 877 1517 927 81111,

289 955 353 997 Ex
377 969 533 998 umero
558 955 736 1010 Pelopis
762 969 856 998 11011
882 956 1094 998 nituisset
1121 955 1240 998 ebur.

232 1033 374 1086 Quem
399 1034 591 1076 referent
615 1033 770 1084 Musae,
798 1034 930 1083 vivet,
958 1033 1065 1076 dum
1090 1033 1253 1075 robora
1276 1033 1425 1083 tellus,

289 1110 407 1153 Dum
432 1110 591 1153 caelum
616 1111 783 1160 stellas,
810 1111 918 1153 dum
944 1111 1078 1153 vehet
1103 1112 1251 1153 81111118
1277 1124 1429 1165 8(11188.

229 1186 287 1228 Α1
312 1187 387 1241 (1111
413 1200 506 1230 11011
533 1187 660 1230 audit
685 1187 851 1232 Musas,
880 1187 956 1242 qui
982 1187 1136 1229 vendit
1161 1200 1374 1236 amorem,

289 1264 416 1307 Idaeae
442 1278 597 1307 currus
625 1265 702 1307 1110
730 1268 943 1319 sequatur
967 1264 1078 1319 Opis

228 1339 286 1382 Et
311 1343 592 1384 tercentenas
619 1342 843 1384 erroribus
871 1343 1045 1396 expleat
1069 1340 1202 1383 urbes

288 1416 345 1458 Et
371 1420 489 1460 secet
514 1418 572 1460 ad
595 1418 814 1472 Phrygios
838 1419 948 1460 vilia
971 1418 1175 1460 membra
1199 1417 1369 1459 modos.

227 1492 468 1537 Blanditiis
494 1495 588 1537 vult
616 1509 712 1538 esse
737 1496 887 1538 locum
912 1496 1065 1538 Venus
1092 1496 1217 1550 ipsa:
1245 1495 1440 1550 querelis

290 1569 589 1625 Supplicibus,
616 1572 795 1616 miseris
820 1571 1002 1614 fletibus
1027 1572 1107 1614 illa
1133 1572 1290 1614 favet.»

227 1646 335 1689 Haec
358 1649 485 1699 mihi,
514 1662 611 1703 quae
637 1662 843 1692 canerem
870 1650 999 1700 Titio,
1028 1649 1137 1692 deus
1164 1649 1304 1692 edidit
1329 1663 1429 1692 ore:

290 1722 376 1766 Sed
401 1725 568 1767 Titium
593 1726 788 1768 coniunx
815 1727 908 1768 haec
933 1726 1195 1768 meminisse
1222 1728 1354 1769 vetat.

229 1799 388 1842 Pareat
412 1801 489 1843 ille
515 1815 631 1844 suae:
659 1815 739 1844 vos
764 1816 836 1844 me
863 1803 1084 1844 celebrate
1110 1802 1388 1855 magistrum,

291 1876 412 1928 Quos
438 1879 555 1920 male
581 1879 716 1920 habet
740 1880 885 1921 multa
910 1879 1097 1921 callidus
1125 1883 1217 1920 arte
1243 1892 1369 1933 puer.

233 1953 388 1997 Gloria
414 1955 572 2009 cuique
599 1969 680 1998 sua
707 1960 797 1998 est:
824 1970 909 2005 me,
939 1957 1013 2011 qui
1041 1962 1322 2011 spernentur,
1352 1960 1558 2000 amantes

291 2030 580 2075 Consultent:
607 2034 779 2075 cunctis
806 2034 943 2076 ianua
967 2037 1125 2076 nostra
1148 2037 1285 2088 patet.

232 2108 424 2162 Tempus
451 2110 547 2158 erit,
577 2122 678 2151 cum
703 2123 777 2151 me
802 2109 991 2152 Veneris
1015 2113 1236 2165 praecepta
1263 2112 1481 2153 ferentem

290 2186 492 2229 Deducat
516 2188 730 2230 iuvenum
757 2187 912 2230 sedula
937 2188 1067 2230 turba
1093 2202 1260 2231 senem.

184 2302 188 2306 .
231 2263 333 2306 Heu
359 2265 447 2306 heu
474 2278 608 2319 quam
634 2265 867 2308 Marathus
892 2266 1015 2308 lento
1042 2280 1114 2308 me
1140 2269 1318 2320 torquet
1342 2268 1518 2310 amore!

291 2340 513 2383 Deficiunt
540 2344 671 2391 artes,
697 2340 997 2397 deficiuntque
1022 2343 1128 2386 doli.
1438 2328 1443 2337 ¹

230 2417 377 2469 Parce,
405 2432 529 2473 puer,
558 2432 720 2473 quaeso,
748 2433 806 2462 ne
832 2421 976 2476 turpis
1000 2421 1153 2464 sabula
1176 2421 1294 2472 fiam,

293 2494 405 2538 Cum
430 2509 532 2537 mea
559 2495 770 2539 ridebunt
793 2509 911 2540 vana
936 2498 1207 2552 magisteria.

1636 205 1675 240 n

1710 1052 1753 1076 65

1711 1440 1754 1464 70

1709 2212 1754 2237 80
