1942 3132
250 208 319 243 ¹08
810 222 867 252 AD
888 223 925 251 1.-
944 220 1002 260 10,
1027 220 1194 251 59—68.

250 339 414 381 videt».
454 339 591 381 Poeta
632 341 735 382 ante
781 339 934 382 oculos
974 336 1186 382 habuisse
1224 338 1401 380 videtur
1440 338 1652 390 tabulam,
1679 340 1758 382 ubi

246 417 384 457 Amor
425 416 572 470 pictus
615 419 710 458 erat
749 417 870 460 inter,
908 416 1020 458 duos
1062 418 1266 457 amantes
1309 415 1480 458 sedens.
1507 439 1567 444 ——
1593 416 1758 469 lentus5

252 493 370 535 nihil
408 496 671 543 commotus,
699 496 750 536 ut
786 493 896 537 Hor.
925 491 1070 537 Garm.
1096 493 1169 535 IV.
1201 492 1268 542 13,
1297 493 1441 535 5--62
1474 495 1632 534 «cantu
1669 495 1756 534 tre—

251 571 376 612 mulo
402 572 509 624 pota
536 569 805 624 Cupidinem
829 570 1024 613 Lentum
1051 570 1310 612 sollicitas».

309 646 358 688 V.
389 647 577 689 59—64.
610 646 730 702 lapis
767 649 833 691 est
868 643 1146 704 ferrumque,
1188 647 1241 688 de
1280 647 1466 689 homine
1498 647 1679 696 crudeli,
1707 649 1758 689 ut

248 724 282 766 Ι.
317 724 352 774 1,
384 725 586 766 63—64:
620 738 737 766 «non
775 727 853 767 tua
890 726 995 766 sunt
1034 725 1145 765 duro
1184 724 1430 778 praecordia
1455 724 1570 765 ferro
1596 722 1758 766 Vincta

252 814 334 842 nec
359 801 408 841 in
433 803 589 842 tenero
629 803 718 843 stat
753 802 835 843 tibi
861 801 991 843 corde
1034 786 1184 843 silex».
1215 826 1273 829 —
1301 813 1322 842 e
1351 800 1461 842 eaelo
1489 799 1653 856 deripit
1678 799 1757 842 ille

249 876 376 931 deos,
402 880 452 919 ut
478 864 586 919 olim
615 878 830 932 Gigantes
868 879 1106 921 voluerunt
1117 894 1128 928 3
1166 877 1460 932 proverbialis
1497 877 1664 919 locutio
1703 876 1756 918 de

251 955 449 996 facinore
474 955 628 1008 impio.
657 954 720 997 Of.
749 954 826 997 Ov.
853 956 950 997 Am.
978 956 1011 998 Ι.
1043 957 1080 1005 7,
1111 957 1256 998 5—7:
1289 955 1412 997 «Flet
1452 967 1554 995 mea
1590 967 1757 997 vesana

248 1031 355 1073 laesa
379 1031 532 1085 puella
557 1045 706 1073 manu.
735 1032 857 1073 Tunc
885 1046 966 1086 ego
991 1032 1063 1074 vel
1088 1045 1214 1074 caros
1240 1032 1366 1085 potui
1392 1031 1559 1072 violare
1596 1043 1755 1084 paren-

249 1111 329 1157 tes,
359 1107 480 1150 Saeva
508 1108 579 1150 vel
604 1109 651 1150 in
679 1110 857 1157 sanctos
894 1109 1080 1151 verbera
1117 1110 1231 1150 ferre
1270 1108 1419 1150 deos».
1448 1133 1507 1137 —
1533 1106 1603 1151 Sit
1641 1107 1756 1151 satis

248 1186 344 1232 etc„
388 1184 538 1225 locum
579 1185 784 1226 imitatur
820 1184 896 1227 Ov.
931 1185 1026 1227 Am.
1055 1185 1087 1226 I.
1120 1186 1157 1235 7,
1187 1186 1392 1227 45—48:
1426 1185 1607 1226 «Nonne
1647 1184 1756 1226 satis

249 1261 396 1302 fuerat
434 1260 601 1302 timidae
640 1261 908 1302 inclamasse
947 1262 1107 1315 puellae
1145 1261 1233 1302 Nec
1272 1261 1464 1302 nimium
1496 1261 1662 1314 rigidas
1688 1261 1755 1301 in-

245 1337 450 1378 tonuisse
476 1337 636 1386 minas,
664 1337 752 1378 Aut
777 1338 977 1379 tunicam
1005 1351 1180 1380 summa
1206 1337 1424 1379 deducere
1463 1338 1653 1391 turpiter
1678 1349 1756 1378 ora

246 1413 314 1455 Ad
340 1413 535 1455 mediam
547 1415 590 1455 ‘?»
623 1439 681 1474 ᾖ
707 1426 729 1456 e
754 1405 974 1458 membris
1003 1417 1182 1458 tenuem
1218 1414 1474 1458 rescindere
1499 1416 1679 1467 vestem,
1706 1417 1756 1456 ut

250 1490 380 1544 Prop.
408 1491 486 1533 III.
518 1493 557 1540 8,
587 1493 638 1533 8:
673 1492 784 1534 «Fac
822 1506 923 1534 mea
961 1493 1149 1534 rescisso
1187 1495 1368 1547 pectora
1406 1492 1527 1533 nuda
1554 1493 1679 1533 sinu»
1712 1493 1756 1532 et

245 1566 300 1608 II.
332 1569 371 1617 5,
401 1569 453 1610 21
474 1584 483 1610 ε
509 1567 622 1609 «Nec
643 1569 725 1610 tibi
751 1569 930 1622 periuro
959 1568 1161 1610 scindam
1186 1569 1239 1610 de
1266 1581 1448 1622 corpore
1464 1570 1677 1610 vestem».
1697 1592 1756 1595 ——

251 1644 447 1686 ornatus
473 1677 482 1685 .
513 1677 520 1684 .
551 1677 560 1685 .
591 1656 745 1697 eomee,
793 1645 981 1698 capillos
1026 1644 1139 1686 bene
1186 1644 1336 1698 pexos.
1376 1669 1435 1672 —
1472 1647 1636 1700 quater
1679 1644 1756 1687 ille

251 1718 423 1771 beatus,
456 1718 555 1771 Quo
585 1722 741 1762 tenera
766 1710 888 1763 irato
926 1721 1035 1776 flere
1065 1720 1227 1777 puella
1258 1723 1424 1777 potest,
1449 1734 1582 1774 quem
1606 1721 1759 1775 puella

247 1796 482 1849 tantopere
509 1799 643 1845 amat,
671 1798 722 1837 ut
746 1797 861 1838 iram
879 1797 974 1838 eius
993 1810 1085 1838 non
1102 1797 1343 1839 ulciscatur
1369 1797 1447 1847 ira,
1476 1797 1552 1839 sed
1579 1799 1756 1838 tantum

244 1871 361 1914 fleat.
411 1873 579 1915 Locum
628 1874 832 1915 imitatur
875 1873 952 1915 Ov.
992 1874 1040 1916 A.
1081 1874 1129 1915 A.
1173 1874 1230 1916 ΙΙ.
1270 1876 1385 1916 448:
1419 1873 1478 1916 «O
1512 1877 1669 1929 quater
1713 1877 1757 1916 et

247 1951 454 2004 quotiens
496 1965 683 1993 numero
727 1952 1046 2005 comprendere
1088 1965 1182 1994 non
1225 1954 1292 1993 est
1331 1951 1539 2002 Felicem,
1575 1952 1629 1993 de
1667 1965 1754 2006 quo

245 2027 352 2068 laesa
376 2027 528 2081 puella
554 2028 716 2069 dolet».
766 2015 768 2017 Ι

306 2104 354 2145 V.
387 2105 574 2146 65—-68
605 2103 697 2147 Sed
721 2105 941 2148 munibus
970 2106 1049 2162 qui
1075 2103 1336 2150 soevus'erit
1363 2109 1456 2155 etc„
1486 2107 1537 2147 cf.
1567 2106 1622 2148 de
1648 2107 1754 2148 rixis

249 2181 499 2222 amantium
526 2182 653 2235 Prop.
682 2183 737 2223 ΙΙ.
768 2185 807 2232 5,
837 2184 1039 2225 Ξ5-Ξὸε
1073 2183 1305 2225 «Rusticus
1343 2184 1437 2224 haec
1474 2183 1636 2238 aliquis
1661 2186 1755 2225 tam

247 2257 397 2310 turpia
422 2258 581 2311 proelia
604 2262 783 2311 quaerat,
804 2259 942 2301 Cuius
964 2273 1056 2301 non
1074 2260 1248 2302 hederae
1275 2261 1483 2302 circuiere
1501 2263 1676 2315 caput».
1695 2284 1754 2288 —

246 2335 515 2389 scutumque
551 2334 799 2391 sudemque
838 2336 885 2379 Is
924 2339 1069 2394 gerat,
1112 2338 1170 2378 sit
1209 2337 1365 2387 miles;
1407 2338 1599 2379 Romani
1633 2337 1752 2379 enim

247 2409 415 2451 milites
441 2414 601 2463 praeter
627 2425 751 2453 arma
778 2414 913 2454 etiam
942 2414 1075 2456 sudes
1101 2415 1274 2467 (vallos)
1292 2428 1442 2456 secum
1469 2415 1672 2456 ferebant
1697 2413 1754 2455 ad

247 2486 570 2535 muniendum;
611 2489 663 2529 cf.
692 2488 798 2530 Hor.
827 2490 967 2544 Epod.
998 2492 1038 2540 9,
1073 2490 1152 2533 13:
1187 2490 1315 2533 «Fert
1351 2491 1519 2533 vaHum
1559 2493 1602 2531 et
1628 2503 1752 2532 arma

246 2563 420 2604 miles».
457 2561 597 2605 Sudis
634 2577 714 2617 pro
754 2566 887 2617 vallo,
926 2569 976 2607 ut
1003 2567 1110 2610 Caes.
1140 2568 1250 2610 Bell.
1280 2568 1359 2609 civ.
1388 2568 1422 2609 Ι.
1451 2568 1505 2610 27
1522 2582 1532 2609 ε
1565 2566 1751 2609 «Fossas

247 2643 523 2682 transversas
551 2640 634 2682 viis
675 2643 888 2694 praeducit
930 2647 1062 2698 atque
1095 2645 1157 2687 ibi
1184 2645 1317 2687 sudes
1355 2645 1615 2698 stipitesque
1639 2657 1750 2697 prae·

248 2718 401 2758 acutos
443 2715 617 2769 defigit»
663 2719 705 2757 et
742 2717 833 2759 Bel.
875 2720 958 2771 gal.
1000 2720 1048 2762 V.
1096 2723 1174 2763 18:
1207 2721 1345 2775 «Ripa
1386 2720 1525 2761 acutis
1567 2719 1750 2761 sudibus
