1942 3132
218 380 254 402 85

217 763 255 786 90

217 1146 254 1169 95

223 2374 259 2397 10

224 2757 260 2780 15

271 231 316 263 32

946 245 975 274 1.
1000 243 1035 273 2.
1059 244 1093 274 6.

331 360 431 400 Non
458 373 537 413 ego
563 360 770 401 tellurem
796 362 984 413 genibus
1010 374 1243 414 perrepere
1272 361 1459 415 supplex
1524 352 1527 356 ”

391 436 449 477 Et
475 437 690 478 miserum
717 432 870 479 sancto
898 438 1085 479 tundere
1111 441 1238 492 poste
1266 442 1411 492 caput.

330 514 386 555 At
412 516 472 563 tu,
503 514 579 567 qui
603 514 732 557 laetus
757 515 875 555 rides
900 515 1020 556 mala
1046 518 1211 564 nostra,
1241 517 1392 556 caveto

390 589 495 632 Mox
519 591 625 632 tibi:
654 605 746 636 non
770 592 852 632 uni
879 592 1030 633 saeviet
1054 605 1194 645 usque
1222 591 1344 633 deus.

330 667 434 708 Vidi
461 680 555 720 ego,
584 667 660 721 qui
685 668 899 709 iuvenum
924 668 1112 710 miseros
1138 669 1320 710 lusisset
1346 682 1533 717 amores,

391 743 497 785 Post
522 743 709 786 Veneris
735 745 894 786 vinclis
922 745 1106 787 subdere
1134 746 1248 786 colla
1276 759 1428 787 senem

331 820 388 861 Et
414 820 498 861 sibi
524 820 765 862 blanditias
791 817 982 862 tremula
1009 834 1273 875 componere
1299 835 1404 864 voce

390 896 448 938 Et
472 896 680 938 manibus
706 910 840 938 canas
866 896 1031 950 fingere
1058 898 1171 938 velle
1199 911 1373 940 comas:

333 972 459 1015 Stare
485 986 567 1014 nec
594 975 698 1014 ante
724 974 841 1015 fores
868 973 1027 1026 puduit
1053 987 1218 1016 caraeve
1244 975 1405 1028 puellae

391 1049 615 1090 Ancillam
641 1049 789 1090 medio
817 1049 1063 1091 detinuisse
1091 1052 1202 1092 foro.

332 1126 464 1168 Hunc
490 1140 614 1180 puer,
643 1127 761 1167 hunc
788 1126 962 1168 iuvenis
989 1127 1118 1168 turba
1146 1127 1311 1168 circum
1339 1128 1443 1169 terit
1470 1130 1578 1177 arta,

390 1203 580 1257 Despuit
606 1203 653 1243 in
680 1204 839 1244 molles
868 1207 910 1244 et
937 1203 1020 1245 sibi
1047 1205 1232 1257 quisque
1261 1205 1398 1245 sinus.

331 1281 388 1321 At
412 1281 525 1321 mihi
550 1293 693 1334 parce,
723 1280 900 1321 Venus:
930 1294 1106 1334 semper
1131 1281 1212 1321 tibi
1241 1281 1392 1322 dedita
1419 1273 1553 1322 servit

388 1357 518 1398 Mens
545 1370 669 1398 mea:
698 1357 804 1410 quid
830 1371 998 1398 messes
1025 1358 1117 1398 uris
1145 1358 1302 1399 acerba
1327 1360 1461 1399 tuas?

995 1569 1045 1610 V.

333 1662 529 1717 Semper,
558 1666 608 1705 ut
633 1664 832 1715 inducar,
860 1663 1049 1706 blandos
1077 1664 1209 1706 offers
1235 1665 1347 1706 mihi
1373 1665 1537 1714 vultus,
1693 1663 1724 1698 Ι·
1742 1666 1776 1700 6.

391 1741 497 1782 Post
523 1743 674 1782 tamen
701 1755 746 1783 es
773 1742 938 1783 misero
966 1742 1106 1783 tristis
1136 1745 1178 1783 et
1205 1755 1346 1796 asper,
1375 1743 1523 1782 Amor.

333 1817 449 1869 Quid
475 1818 557 1859 tibi
586 1819 764 1860 saevitiae
791 1832 967 1860 mecum
995 1822 1095 1861 est?
1118 1820 1187 1860 An
1213 1819 1356 1872 gloria
1383 1832 1546 1871 magna
1573 1821 1642 1859 est

392 1895 586 1937 Insidias
613 1895 789 1937 homini
815 1895 1120 1949 composuisse
1148 1895 1313 1937 deum?

333 1972 446 2013 Nam
474 1973 587 2013 mihi
612 1973 861 2014 tenduntur
887 1986 1058 2015 casses:
1086 1973 1177 2015 iam
1204 1972 1333 2014 Delia
1361 1973 1514 2014 furtim

392 2048 550 2090 Nescio
579 2062 711 2102 quem
737 2049 873 2105 tacita
899 2050 1059 2090 callida
1085 2052 1214 2091 nocte
1242 2050 1375 2091 fovet.

333 2126 417 2166 Illa
447 2125 623 2179 quidem
652 2126 798 2167 iurata
825 2129 970 2178 negat,
1001 2125 1077 2167 sed
1103 2126 1280 2167 credere
1307 2126 1467 2167 durum
1495 2127 1585 2166 est:

395 2200 465 2243 Sic
492 2202 627 2243 etiam
654 2202 706 2242 de
734 2216 805 2243 me
832 2206 1048 2255 pernegat
1074 2217 1214 2257 usque
1241 2204 1348 2245 viro.

333 2278 433 2331 Ipse
461 2279 595 2319 miser
622 2278 764 2328 docui,
794 2292 880 2332 quo
907 2283 1061 2332 posset
1086 2280 1238 2321 ludere
1264 2283 1394 2334 pacto

394 2353 636 2396 Custodes:
664 2356 752 2396 heu
779 2357 867 2397 heu
893 2370 1013 2398 nunc
1040 2371 1218 2410 premor
1245 2360 1338 2399 arte
1363 2371 1478 2399 mea.

333 2431 523 2484 Fingere
549 2434 655 2473 tunc
682 2432 836 2473 didicit
862 2446 1032 2483 causaS,
1060 2437 1110 2475 ut
1138 2435 1234 2476 sola
1260 2434 1452 2483 cubaret,

394 2507 582 2549 Cardine
610 2510 716 2548 tunc
743 2509 878 2549 tacito
906 2512 1075 2550 vertere
1102 2524 1233 2564 posse
1261 2512 1404 2552 fores:

334 2585 456 2626 Tunc
484 2597 613 2625 sucos
641 2584 888 2638 herbasque
915 2585 1029 2635 dedi,
1058 2588 1156 2639 quis
1183 2588 1298 2629 livor
1325 2587 1477 2631 abiret.

396 2660 536 2712 Quem
563 2660 669 2701 facit
693 2660 912 2713 impresso
940 2664 1096 2703 mutua
1122 2663 1254 2705 dente
1280 2665 1443 2706 Venus.

335 2738 391 2778 At
416 2738 478 2787 tu,
505 2736 677 2777 fallacis
703 2737 897 2778 coniunx
924 2738 1100 2780 incaute
1127 2740 1300 2792 puellae,
