1942 3132
767 245 983 277 mounsus
1003 246 1070 276 m.
1402 285 1404 288 .
1599 233 1670 269 325

190 371 204 378 “
237 364 448 418 Quintam
471 364 671 420 sequitur
691 362 905 415 secunda,
926 363 1003 407 ubi
1023 366 1157 418 poeta
1178 363 1226 406 in
1246 365 1510 409 memoriam
1530 365 1668 408 Deliae

177 444 364 492 revocat,
393 454 489 496 quae
513 441 564 484 in
588 441 745 496 quinta
770 440 819 493 (Ῑ.
846 442 886 492 5,
918 441 1122 493 19-30.)
1148 440 1281 484 dixit:
1310 455 1355 482 se
1383 443 1518 484 etiam
1549 454 1669 484 nunc

174 519 366 563 maxime
392 521 558 573 optare,
585 520 636 562 ut
659 531 750 561 una
774 531 875 561 cum
902 531 954 560 ea
978 518 1117 560 vitam
1147 518 1359 561 rusticam
1399 522 1500 572 agat
1537 519 1585 571 (I.
1626 519 1666 569 2,

174 596 404 648 71—74.):

334 689 429 740 Ipse
457 689 580 730 boves
608 702 701 730 mea
729 690 765 730 si
791 692 927 730 tecum
954 689 1079 729 modo
1107 689 1229 730 Delia
1255 690 1412 740 possim

386 761 558 811 Iungere
586 764 628 801 et
652 762 699 802 in
728 762 815 802 solo
844 773 1008 813 pascere
1037 763 1179 802 monte
1207 774 1356 813 pecus:

330 832 384 874 Et
411 835 451 873 te
481 832 579 873 dum
605 833 729 873 liceat
754 833 909 874 teneris
935 832 1115 873 retinere
1142 832 1318 879 lacertis,

385 905 523 945 Mollis
551 907 593 944 et
619 905 665 944 in
693 903 796 944 dura
823 904 877 944 sit
903 905 1010 944 mihi
1037 916 1205 945 somnus
1234 905 1373 944 humo.

177 1058 424 1103 Secundam
451 1061 652 1115 sequitur
675 1063 821 1105 sexta.
847 1061 902 1104 In
928 1060 1121 1104 secunda
1147 1060 1267 1102 enim
1303 1059 1414 1103 talia
1450 1062 1669 1115 praecepta

172 1136 247 1180 dat
271 1140 403 1193 poeta
427 1137 565 1179 Deliae
591 1150 619 1181 a
642 1138 830 1192 coniuge
856 1137 1086 1181 custoditae
1112 1137 1160 1191 (1.
1189 1139 1230 1188 2,
1261 1139 1489 1190 15—22.):

331 1265 392 1306 'ru
421 1278 582 1317 quoque
609 1279 663 1306 ne
691 1266 837 1306 timide
866 1266 1066 1314 custodes,
1095 1266 1228 1315 Delia,
1256 1266 1362 1306 falle.

382 1337 631 1378 Audendum
660 1339 746 1378 est:
775 1338 901 1378 fortes
928 1338 1099 1378 adiuvat
1126 1339 1218 1389 ipsa
1245 1338 1399 1378 Venus.
1439 1331 1442 1334 Α

329 1409 406 1450 Illa
432 1409 552 1456 favet,
583 1421 654 1448 seu
683 1410 774 1460 quis
801 1410 962 1450 iuvenis
991 1421 1100 1450 nova
1126 1409 1274 1450 limina
1301 1412 1488 1461 temptat,

384 1479 463 1520 Seu
490 1481 647 1519 reserat
673 1480 755 1520 fixo
785 1480 909 1520 dente
937 1481 1074 1531 puella
1101 1480 1233 1520 fores:

330 1551 406 1591 Hla
434 1552 552 1591 docet
579 1551 695 1591 molli
723 1551 866 1591 furtim
895 1552 1090 1602 derepere
1118 1552 1237 1598 lecto,

381 1622 460 1661 nla
487 1622 635 1672 pedem
665 1623 779 1661 nullo
807 1634 961 1673 ponere
989 1635 1110 1673 posse
1140 1635 1254 1669 sono,

328 1693 406 1733 Illa
432 1695 521 1734 viro
549 1705 687 1733 coram
715 1695 840 1733 nutus
869 1693 1054 1733 conferre
1081 1693 1273 1743 loquaces

383 1764 623 1816 Blandaque
652 1766 892 1816 compositis
921 1763 1069 1804 abdere
1096 1764 1220 1804 verba
1248 1764 1371 1804 notis.

170 1907 301 1951 Delia
322 1909 393 1951 his
413 1909 646 1963 praeceptis
668 1907 885 1950 instructa
905 1909 1061 1962 postea
1081 1921 1175 1950 non
1197 1907 1343 1950 solum
1360 1921 1458 1949 cum
1478 1907 1663 1959 Tibullo,

173 1985 252 2029 sed
291 1986 427 2029 etiam
463 1998 563 2028 cum
601 1985 704 2029 aliis
740 1985 1013 2027 amatoribus
1050 1985 1211 2027 fefellit
1250 1986 1498 2039 coniugem.
1542 1984 1668 2027 Nunc

172 2064 362 2118 poenitet
398 2065 576 2118 poetam
614 2065 934 2117 praeceptorum
972 2075 1154 2105 suorum
1193 2065 1238 2104 et
1275 2063 1330 2105 ad
1372 2075 1424 2104 ea
1465 2062 1666 2104 alludens

172 2139 278 2182 dicit
304 2141 353 2182 in
379 2140 522 2195 elegia
548 2143 669 2182 sexta
693 2140 741 2192 (Ι.
770 2141 808 2190 6,
838 2140 1041 2192 9—20.):

273 2284 277 2288 ·
329 2263 422 2314 Ipse
452 2263 578 2302 miser
606 2262 739 2310 docui,
769 2275 848 2314 quo
876 2265 1017 2313 posset
1042 2262 1183 2303 ludere
1212 2265 1332 2314 pacto

385 2332 607 2374 Custodes:
637 2334 719 2373 heu
746 2335 828 2373 heu
855 2346 966 2374 nunc
994 2345 1160 2384 premor
1187 2336 1274 2374 arte
1303 2346 1405 2374 mea.

330 2405 504 2455 Fingere
532 2407 621 2444 tum
648 2405 794 2445 didicit
820 2417 974 2452 causas,
1004 2407 1050 2444 ut
1077 2405 1165 2444 sola
1193 2405 1371 2451 cubaret,

385 2475 563 2517 Cardine
592 2478 680 2515 tum
709 2477 835 2516 tacito
861 2478 1019 2516 vertere
1050 2488 1169 2527 posse
1198 2476 1330 2515 fores:

329 2548 434 2587 'I'um
461 2559 578 2587 sucos
606 2547 836 2598 herbasque
864 2546 970 2594 dedi,
1003 2549 1093 2598 quis
1122 2548 1227 2587 livor
1255 2548 1397 2594 abiret,

384 2619 514 2667 Quem
542 2619 640 2659 facit
666 2621 868 2670 impresso
897 2622 1039 2659 mutua
1068 2619 1190 2660 dente
1218 2620 1370 2660 Venus.

331 2692 385 2730 At
411 2693 468 2736 tu,
495 2690 651 2730 fallacis
679 2692 861 2730 coniunx
888 2691 1050 2730 incaute
1079 2692 1237 2741 puellae,

384 2761 451 2800 Me
482 2772 640 2811 quoque
670 2763 843 2808 servato,
873 2764 1013 2812 peccet
1041 2764 1086 2801 ut
1114 2762 1184 2801 illa
1212 2761 1328 2801 nihil.
