1942 3132
754 188 811 232 m
826 201 863 233 1.
887 191 945 242 io,
967 188 1137 232 ssi—'32
1637 171 1706 222 1‘03'

189 313 310 364 felici
348 321 497 364 reditu
538 323 646 363 vota
683 308 875 362 Laribus
916 309 1281 373 nuncupaverat;
1323 308 1520 361 Laribus
1552 322 1705 362 autem

188 387 290 442 ideo
312 403 417 447 vota
443 400 562 448 facit,
587 398 693 454 quia
728 398 882 440 hostes
908 410 934 438 a
959 396 1150 439 Laribus
1189 397 1328 440 arceri
1367 396 1608 439 credebant
1631 410 1706 439 ve-

189 479 334 526 teres;
374 477 426 518 cf.
465 475 591 518 Paul.
630 474 757 516 Fest'
790 463 824 516 s.
851 487 890 515 v.
922 471 1121 529 Hostilis
1156 474 1214 528 (p.
1244 474 1314 516 72.
1344 472 1410 515 ed.
1439 473 1707 524 Thewrewk)

190 551 324 595 dicit:
358 552 576 595 «Hostilis
614 550 804 593 Laribus
840 549 1158 599 immolabant‚‘
1189 549 1308 604 quod
1347 549 1401 592 ab
1423 537 1511 591 'his
1550 549 1706 590 hostes

190 630 329 671 arceri
353 629 616 683 putabant».
644 616 773 671 Unde
811 618 1132 668 existimabant
1169 619 1344 681 antiqui
1373 626 1511 668 etiam
1538 638 1705 667 nomen

191 704 350 750 hostiae
387 705 572 748 ductum
608 707 722 747 teste
748 703 825 746 Ov.
853 703 973 746 Fast.
1002 704 1035 745 L
1067 705 1180 746 336:
1214 702 1459 746 «Hostibus
1502 715 1528 744 a
1566 702 1704 743 motis

188 783 338 825 hostia
363 793 533 825 nomen
558 782 733 824 habet».
762 805 821 810 —
848 779 1105 836 Hostiaque
1124 792 1147 822 e
1166 780 1311 835 plena
1334 779 1507 823 mstica
1532 790 1706 834 porcus

190 858 322 909 hara,
366 860 514 902 locum
552 859 755 901 imitatur
794 860 907 900 auct.
936 845 1084 899 ‘Gai-m.
1125 856 1270 910 Priap.
1301 858 1370 906 65,
1401 857 1453 898 2:
1487 854 1709 898 «Caeditur

189 949 212 978 e
239 936 391 990 tepida
417 937 603 978 victima
626 949 791 991 porcus
830 935 965 977 hara»
998 937 1043 977 et
1069 934 1145 977 Ov.
1174 924 1271 976 Am.
1300 934 1379 976 III.
1412 926 1479 983 13,
1514 935 1592 976 16:
1626 932 1709 973 «Et

187 1015 339 1056 minor
376 1028 428 1055 ex
466 1013 627 1056 humili
651 1014 848 1056 'victima
887 1026 1052 1068 porcus
1078 1014 1231 1055 hara».
1259 1036 1320 1041 -
1338 1024 1528 1068 porcus,
1554 1010 1706 1064 saepis-

188 1090 302 1132 sime
339 1090 661 1132 immolabatur
698 1089 916 1139 Laribus3
943 1089 997 1132 cf.
1026 1089 1135 1131 Hor.
1164 1088 1255 1131 Sat.
1283 1089 1339 1130 H.
1370 1088 1410 1138 3,
1443 1082 1707 1130 164—165:

194 1166 425 1208 «immolet
471 1167 610 1221 aequis
650 1165 737 1208 Hic
784 1179 972 1221 porcum
1010 1166 1225 1208 Laribus»
1270 1170 1314 1207 et
1352 1164 1496 1207 Carm.
1524 1164 1603 1205 ΠΙ.
1634 1165 1704 1212 23,

189 1245 333 1286 3—4:
379 1243 451 1287 «Si
488 1247 600 1286 ture*
623 1244 820 1298 placaris
859 1246 903 1286 et
942 1245 1088 1286 horna
1123 1243 1271 1297 Fruge
1309 1234 1448 1284 Lares
1487 1241 1705 1295 avidaque

186 1334 362 1376 porca».
391 1321 623 1364 V'ovebant
647 1335 834 1376 porcum
857 1335 940 1376 pro
967 1322 1089 1364 felici
1126 1321 1274 1363 reditu
1300 1320 1437 1363 etiam
1477 1319 1578 1361 aliis
1605 1318 1705 1367 diis,

96 1405 100 1409 ’
186 1400 237 1439 ut
274 1397 403 1440 docet
440 1399 595 1454 fragm.
624 1392 868 1453 Pomponii
902 1397 1022 1453 apud
1055 1397 1168 1441 Gell.
1198 1397 1249 1439 N.
1276 1397 1326 1438 A.
1360 1398 1425 1446 16,
1456 1397 1510 1438 6:
1544 1394 1704 1444 «Mars,

186 1470 267 1517 tibi
293 1489 434 1518 voveo
461 1477 696 1526 facturum,
727 1477 765 1518 si
790 1489 992 1531 unquam
1018 1476 1214 1523 redierit,
1241 1468 1423 1518 bidente
1449 1487 1618 1516 verre».
1646 1496 1707 1501 ——

185 1550 321 1596 Hanc
341 1565 469 1609 pura
495 1566 601 1596 cum
626 1555 746 1597 veste
771 1566 956 1610 sequar,
984 1567 1043 1596 sc.
1073 1555 1111 1596 si
1137 1553 1324 1596 rediero.
1352 1577 1413 1582 ——
1434 1565 1559 1608 pura
1600 1563 1706 1594 cum

187 1634 317 1679 vest&
337 1617 492 1674 recens
518 1633 623 1682 lota,
644 1632 743 1674 sine
758 1633 965 1682 maculis,
983 1633 1163 1687 qualem
1189 1630 1492 1674 sacrificantes
1518 1628 1705 1671 induere

187 1706 437 1757 debebant;
464 1708 517 1750 cf.
547 1709 667 1750 infra
692 1704 748 1750 IL
783 1710 818 1758 1,
853 1710 934 1751 13:
967 1708 1126 1751 «Casta
1150 1709 1334 1764 placent
1358 1707 1564 1762 superis:
1592 1717 1706 1759 pura

188 1797 291 1826 cum
331 1788 454 1827 veste
495 1786 687 1828 venite».
716 1810 776 1814 —
801 1788 1043 1842 myrtoque
1082 1786 1285 1829 canistra
1333 1784 1494 1828 Vincta
1529 1794 1707 1840 stram,

188 1863 322 1916 myrti
341 1875 473 1904 usum
501 1862 547 1904 in
574 1863 699 1905 cultu
712 1863 880 1905 Larum
906 1866 1231 1906 commemorat
1256 1864 1393 1905 etiam
1419 1861 1528 1904 Hor.
1557 1859 1702 1903 Carm.

187 1938 265 1980 ΠΙ.
312 1940 380 1988 23,
426 1939 627 1982 15—16:
667 1939 855 1982 «Parvos
894 1942 1187 1982 coronantem
1225 1939 1402 1982 marino
1440 1938 1556 1979 Rore
1597 1936 1704 1978 deos

106 2063 111 2068 ⁴
188 2017 424 2070 fragilique
450 2019 641 2071 myrto».
668 2040 728 2045 —
753 2017 975 2068 canistra,
1005 2016 1053 2058 in
1079 2016 1242 2071 quibus
1280 2019 1367 2066 tus,
1396 2015 1551 2064 libum,
1581 2014 1706 2056 mola

187 2093 307 2134 salsa
334 2095 463 2134 erant
489 2091 544 2134 ad
571 2092 838 2135 sacrificium
865 2093 1132 2135 necessaria.

247 2169 296 2212 V.
328 2171 519 2212 29—32.
546 2167 626 2212 Sic
654 2168 870 2226 placeam
908 2169 1050 2219 vobis,
1079 2184 1137 2213 sc.
1168 2184 1293 2213 sacra
1330 2171 1404 2226 pie
1429 2170 1596 2218 colens,
1625 2182 1704 2223 pa-

187 2247 328 2290 cificis
352 2247 567 2295 moribus,
596 2260 691 2291 non
716 2246 925 2290 bellicam
961 2248 1158 2303 praedam
1186 2250 1398 2290 referens.
1427 2248 1487 2277 ὲ-
1513 2245 1701 2291 Sternat

187 2326 228 2368 et
256 2323 473 2368 adversos
499 2322 646 2367 Marte
670 2323 851 2380 favente
875 2323 1028 2378 daces,
1052 2338 1233 2368 versum
1258 2326 1465 2369 imitatur
1490 2324 1567 2367 Ov.
1592 2322 1699 2366 Her.

189 2402 228 2451 3,
269 2402 353 2444 38:
399 2401 480 2442 «Et
519 2413 673 2455 preme
713 2401 917 2443 turbatos
957 2400 1100 2444 Marte
1143 2403 1321 2444 favente
1363 2402 1527 2444 viros».
1555 2397 1614 2430 —'
1648 2396 1704 2442 Ut

187 2478 305 2522 mihi
336 2478 521 2535 potanti
556 2477 701 2533 possit
739 2489 827 2521 sua
869 2476 1017 2522 dicere
1053 2478 1180 2536 facta
1205 2478 1338 2523 Miles
1378 2482 1420 2523 et
1455 2479 1508 2522 in
1538 2491 1704 2522 mensa

182 2558 375 2614 pinqere
415 2559 571 2599 castra
610 2567 749 2606 mero,
790 2556 938 2599 locum
976 2560 1082 2600 ante
1121 2558 1276 2600 oculos
1303 2557 1462 2600 habuit
1486 2557 1566 2600 Ov.
1594 2557 1699 2598 Her.

192 2634 230 2684 1,
270 2633 475 2676 31—32:
521 2633 686 2686 «Atque
734 2632 896 2687 aliquis
940 2634 1089 2688 posita
1133 2629 1356 2677 monstrat
1403 2635 1497 2677 fera
1542 2633 1702 2688 proelia

187 2722 347 2752 mensa
372 2709 522 2763 Pingit
549 2712 594 2750 et
619 2708 778 2762 exiguo
803 2707 1019 2763 Pergama
1044 2712 1140 2753 tota
1164 2723 1331 2754 mero».
