1942 3132
865 255 895 284 1.
919 253 955 284 2.

193 373 320 432 ,Haec
345 374 460 417 mihi
485 373 740 430 composuit
763 376 935 424 cantus,
964 373 1066 428 quis
1092 372 1247 415 fallere
1272 385 1456 426 posses:

274 451 359 494 Ter
383 465 509 502 cane,
536 455 605 495 ter
629 449 760 493 dictis
785 449 954 506 despue
980 450 1268 493 carminibus.

214 529 296 572 Ille
324 529 441 572 nihil
464 528 632 584 poterit
658 528 712 572 de
737 529 870 572 nobis
895 528 1074 571 credere
1100 529 1323 582 cuiquam,

275 605 375 648 Non
403 605 501 658 sibi,
530 606 568 648 si
594 605 643 649 in
666 605 795 649 molli
820 605 984 648 viderit
1009 605 1106 660 ipse
1131 608 1244 647 toro,

214 683 279 725 Tu
304 685 461 725 tamen
486 683 713 726 abstineas
738 683 867 727 aliis:
894 697 1002 726 nam
1028 686 1175 726 cetera
1201 685 1355 726 cernet

235 774 241 781 ·
276 759 468 804 Omnia:
495 761 550 803 de
575 774 646 804 me
672 775 765 804 uno
792 762 958 805 sentiet
983 761 1062 804 ille
1088 761 1218 804 nihil.

216 836 334 889 Quid
359 837 570 880 credam?
593 838 763 893 Nempe
789 839 883 881 haec
910 837 1068 881 eadem
1095 852 1141 881 se
1168 838 1280 880 dixit
1305 851 1480 880 amores

276 914 494 958 Cantibus
519 918 598 958 aut
620 915 772 958 herbis
798 916 971 959 solvere
995 929 1129 971 posse
1155 928 1296 965 meos,

216 992 274 1034 Et
300 1006 371 1035 me
398 993 607 1036 lustravit
630 993 771 1043 taedis,
800 996 846 1036 et
870 1000 1002 1036 nocte
1029 1007 1189 1036 serena

276 1069 482 1112 Concidit
507 1069 564 1112 ad
587 1070 786 1125 magicos
811 1071 962 1113 hostia
985 1071 1113 1125 pulla
1138 1070 1258 1114 deos.

215 1145 316 1188 Non
344 1159 425 1200 ego
450 1148 573 1188 totus
599 1147 778 1189 abesset
803 1161 942 1198 amor,
972 1147 1051 1190 sed
1075 1150 1262 1190 mutuus
1289 1150 1419 1192 esset,

278 1223 486 1275 Orabam,
514 1238 598 1267 nec
622 1227 666 1267 te
690 1239 823 1280 posse
849 1239 997 1268 carere
1024 1226 1174 1268 velim.

215 1301 408 1344 Ferreus
433 1301 511 1344 ille
538 1302 635 1354 fuit,
664 1302 739 1358 qui
766 1305 812 1345 te
837 1317 940 1346 cum
965 1305 1122 1357 posset
1146 1303 1325 1352 habere,

276 1378 490 1422 Maluerit
514 1379 687 1434 praedas
714 1380 878 1422 stultus
905 1382 948 1422 et
975 1393 1101 1422 arma
1127 1380 1265 1434 sequi.

215 1458 299 1500 Ille
324 1458 431 1500 licet
455 1457 644 1502 Cilicum
670 1459 811 1501 victas
838 1461 941 1513 agat
967 1460 1072 1500 ante
1100 1460 1312 1506 catervas,

214 1555 224 1557 -
278 1535 424 1578 Ponat
451 1538 496 1577 et
520 1535 569 1577 in
593 1538 725 1590 capto
751 1534 915 1577 Martia
941 1538 1089 1576 castra
1114 1535 1224 1584 solo,

216 1612 355 1655 Totus
381 1615 427 1655 et
452 1615 638 1668 argento
665 1615 912 1662 contextus,
947 1615 1069 1655 totus
1096 1614 1141 1654 et
1167 1625 1277 1654 auro

277 1690 476 1732 Insideat
501 1689 638 1732 celeri
662 1689 1009 1744 conspiciendus
1036 1702 1178 1744 equo:

216 1766 318 1821 Ipse
347 1768 483 1810 boves
508 1780 610 1809 mea
636 1767 674 1809 si
701 1770 853 1809 tecum
879 1766 1015 1809 modo
1043 1766 1175 1808 Delia
1199 1766 1371 1820 possim

278 1843 469 1899 Iungere
495 1847 539 1886 et
565 1845 613 1886 in
639 1844 736 1886 solo
763 1857 947 1898 pascere
975 1846 1128 1884 monte
1159 1855 1309 1896 pecus,

219 1921 276 1963 Et
301 1925 346 1963 te
373 1920 480 1963 dum
506 1921 641 1962 liceat
666 1920 835 1961 teneris
861 1920 1054 1961 retinere
1081 1919 1274 1968 lacertis,

278 1997 432 2040 Mollis
459 1999 503 2038 et
527 1996 577 2038 in
604 1996 714 2038 dura
742 1995 800 2037 sit
824 1995 938 2037 mihi
966 2008 1153 2037 somnus
1181 1995 1334 2037 humo.

219 2074 338 2127 Quid
362 2074 493 2129 Tyrio
520 2073 730 2116 recubare
756 2077 855 2115 toro
883 2073 981 2115 sine
1008 2086 1160 2115 amore
1189 2072 1387 2115 secundo

281 2151 478 2199 Prodest,
508 2164 610 2192 cum
635 2149 745 2193 fietu
769 2163 858 2192 nox
883 2149 1113 2203 vigilanda
1137 2150 1295 2192 venit?

220 2231 334 2273 Nam
360 2243 507 2284 neque
534 2231 642 2270 tunc
666 2228 832 2283 plumae
859 2241 941 2269 nec
969 2220 1168 2281 stragula
1192 2227 1313 2281 picta
1339 2240 1547 2282 soporem

281 2307 371 2350 Nec
398 2307 574 2349 sonitus
599 2306 785 2361 placidae
811 2305 973 2348 ducere
1006 2309 1158 2360 posset
1184 2319 1322 2359 aquae.

221 2384 339 2427 Num
364 2383 551 2426 Veneris
576 2396 751 2437 magnae
777 2382 943 2425 violavi
969 2383 1160 2424 numina
1186 2381 1334 2429 verbo.

281 2462 338 2503 Et
363 2474 464 2503 mea
489 2473 610 2502 nunc
634 2473 793 2514 poenas
819 2459 958 2515 impia
982 2460 1139 2513 lingua
1163 2459 1283 2502 luit?

221 2538 339 2581 Num
366 2538 483 2579 feror
510 2537 707 2578 incestus
735 2536 861 2579 sedes
887 2536 1051 2579 adiisse
1077 2536 1263 2579 deorum

283 2615 499 2670 Sertaque
525 2614 578 2656 de
606 2615 775 2656 sanctis
801 2614 1051 2669 deripuisse
1079 2614 1223 2656 focis?

224 2693 325 2735 Non
352 2706 447 2747 ego,
476 2692 513 2734 si
539 2692 699 2742 merui,
727 2691 927 2734 dubitem
954 2691 1247 2746 procumbere
1274 2691 1454 2746 templis

283 2770 340 2813 Et
365 2769 470 2812 dare
499 2769 683 2811 sacratis
710 2769 864 2811 oscula
888 2769 1136 2819 liminibus,

1620 239 1663 274 31

1702 545 1741 570 65

1704 933 1743 957 80

1705 1320 1743 1343 65

1708 2094 1746 2117 75

1708 2479 1747 2502 30
