1942 3132
302 201 375 236 318
918 217 1135 246 nxousssus
1156 218 1186 247 Ι.

466 330 586 369 Ibitis
614 330 779 379 Aegaeas
808 332 896 370 sine
925 344 1003 377 me,
1035 332 1237 377 Messalla,
1267 343 1340 381 per
1370 332 1511 378 undas,

521 400 554 439 O
582 401 744 440 utinam
771 414 972 441 memores
1001 403 1089 451 ipse
1118 402 1344 451 cohorsque
1372 402 1470 448 mei;

302 484 494 537 elegiam
515 483 722 539 primam
746 498 797 526 eo
824 485 1108 539 potissimum
1134 484 1322 526 consilio
1364 485 1551 539 scripsit,
1593 488 1644 527 ut
1679 485 1795 529 Mes-

303 560 439 610 sallae,
468 575 546 602 our
571 575 672 603 eum
698 562 744 603 in
769 562 885 603 bello
914 562 1120 603 orientali
1146 575 1237 602 non
1264 563 1380 602 esset
1413 564 1602 614 secutus,
1642 576 1686 604 se
1726 575 1795 604 ex-

301 639 481 679 cusaret
505 639 605 689 (vsa
634 639 863 690 53-56.):

465 735 520 774 Te
548 735 699 774 bellare
728 732 843 774 decet
869 738 988 782 terra,
1018 737 1220 782 Messalla,
1250 736 1444 784 marique,

517 806 573 845 Ut
601 807 746 846 domus
773 808 943 846 hostiles
971 808 1160 857 praeferat
1189 808 1372 845 exuvias:
1489 799 1493 802 ’

466 877 532 916 Me
560 879 741 916 retinent
768 866 948 916 vinctum
981 877 1168 916 formosae
1196 878 1332 915 vincla
1360 877 1502 926 puellae

517 947 571 986 Et
599 948 722 987 sedeo
747 948 867 987 duras
897 949 1049 986 ianitor
1078 949 1172 985 ante
1201 947 1329 993 fores;

304 1097 353 1138 in
379 1097 541 1156 quinta
567 1099 714 1151 sperat
741 1111 785 1139 se
812 1097 1067 1138 Messallam
1093 1097 1140 1137 in
1166 1095 1331 1150 praedio
1359 1109 1438 1137 suo
1466 1095 1687 1149 hospitem
1726 1109 1793 1139 ex-

299 1175 535 1226 cepturum
562 1176 663 1225 (ves.
693 1174 919 1224 31-—32.>:

463 1272 556 1310 Huc
583 1245 939 1310 venietMessalla
968 1284 1093 1317 meus,
1124 1271 1190 1309 oui
1218 1270 1352 1308 dulcia
1378 1275 1502 1319 poma

518 1343 640 1381 Delia
668 1343 827 1380 selectis
856 1342 1047 1380 detrahat
1075 1341 1305 1387 arboribus;

303 1479 353 1522 in
398 1478 597 1523 secunda
643 1478 801 1520 alludit
845 1478 899 1519 ad
945 1478 1112 1519 bellum
1153 1477 1372 1519 Messallae
1413 1477 1460 1518 in
1500 1475 1654 1519 Cilicia
1679 1477 1792 1528 (vss.

300 1558 536 1609 67—-68.):
1356 1548 1358 1553 ¹

465 1644 540 1682 Ille
569 1644 664 1682 lieet
692 1643 865 1684 Cilicum
895 1643 1023 1681 victas
1053 1644 1146 1691 agat
1175 1643 1268 1680 ante
1298 1643 1489 1687 catervas,

518 1714 651 1753 Ponat
680 1716 719 1753 et
746 1715 791 1752 in
822 1714 940 1763 capto
970 1712 1121 1751 Martia
1149 1714 1282 1751 eastra
1310 1713 1407 1750 solo.

301 1861 509 1918 Septima
535 1863 736 1916 denique,
763 1862 841 1903 ubi
867 1861 1007 1903 amieo
1034 1861 1231 1902 natalem
1252 1860 1402 1914 agenti
1421 1860 1677 1913 gratulatur,
1700 1862 1795 1920 tota
1846 1849 1849 1852 ¹

302 1939 457 1982 laudes
481 1939 701 1982 Messallae
727 1940 938 1980 continet.
968 1937 1079 1980 Cum
1103 1938 1237 1991 igitur
1263 1938 1311 1979 in
1339 1937 1490 1990 elegiis
1516 1937 1569 1979 de
1588 1935 1792 1978 Mai-atho

304 2017 482 2070 seriptis
520 2016 738 2060 Messallae
779 2029 943 2058 nomen
984 2028 1205 2068 nusquam
1248 2018 1445 2056 occurrat
1484 2014 1696 2068 nullaque
1737 2015 1794 2056 sit

303 2093 410 2135 belli
434 2093 684 2147 Aquitanioi
713 2096 755 2135 et
781 2092 1073 2147 expeditionis
1100 2092 1327 2134 orientalis
1358 2092 1538 2142 mentio,
1580 2104 1653 2133 eas
1691 2093 1793 2133 ante

302 2170 422 2213 bella
446 2170 524 2211 illa
551 2171 733 2223 scriptas
760 2183 856 2212 esse
881 2171 976 2211 iure
1004 2170 1253 2223 suspiceris.

366 2245 492 2297 Quod
518 2244 573 2286 ad
594 2248 846 2299 temporum
870 2246 1081 2295 ordinem,
1107 2259 1193 2299 quo
1215 2246 1283 2286 hae
1306 2245 1456 2298 elegiae
1479 2245 1651 2298 seriptae
1675 2246 1789 2294 sunt,

302 2324 476 2373 attinet,
507 2321 816 2376 antiquissima
842 2324 908 2363 est
932 2322 1087 2376 procul
1111 2321 1245 2363 dubio
1285 2320 1462 2377 quarta.
1502 2320 1637 2362 Poeta
1673 2319 1791 2361 em’m

301 2399 500 2441 consulit
523 2399 743 2452 Priapum,
773 2411 858 2451 qua
884 2401 975 2439 arte
1001 2410 1161 2451 pueros
1186 2397 1396 2452 pulchros
1433 2409 1588 2450 capere
1624 2395 1790 2450 possit;

301 2474 415 2516 deus
443 2475 630 2527 explieat
654 2476 794 2515 totam
821 2476 960 2515 artem
999 2473 1178 2514 amandi
1215 2476 1259 2514 et
1292 2472 1492 2515 Tibullus
1528 2472 1617 2513 iam
1654 2471 1790 2526 magi-

302 2553 448 2593 strum
475 2550 638 2594 amoris
664 2549 881 2591 celebrem
907 2563 953 2591 se
979 2550 1073 2590 fore
1111 2550 1268 2602 sperat,
1313 2548 1391 2590 sed
1426 2562 1529 2590 mox
1564 2547 1700 2589 sentit
1730 2530 1790 2588 -ne

307 2626 393 2668 sibi
418 2626 595 2680 quidem
622 2638 667 2667 se
695 2638 823 2679 opem
851 2626 962 2666 ferre
988 2638 1132 2679 posse,
1166 2637 1268 2666 cum
1305 2623 1562 2665 crudelitate
1598 2621 1791 2681 Marathi

298 2704 562 2756 >torqueatur
585 2704 685 2754 (vss.
714 2702 945 2752 81—84.):

1807 0 1942 307 l

1934 1763 1942 1811 i

1934 1819 1942 1863 ἐ
