1942 3132
779 236 836 266 AD
855 236 904 265 11.
926 234 961 268 4.
985 233 1150 265 21—30.
1645 222 1715 257 245

222 367 334 396 nuas
358 367 440 408 per
477 353 732 402 zodiacum3
758 353 813 395 cf.
851 335 979 406 Verg.
1018 352 1126 394 Aen.
1154 352 1226 394 VI.
1268 353 1377 394 796:
1424 353 1582 394 «Extra
1607 354 1713 395 anni

222 429 417 484 solisque
441 430 580 474 vias».
606 455 665 461 —-
692 430 770 474 ubi
808 430 966 474 orbem
1006 428 1267 487 Complem't,
1307 432 1544 485 postquam
1582 431 1716 484 plena

222 509 291 548 est
315 508 456 556 facta3
482 508 536 549 cf.
564 505 642 550 Ov.
668 506 775 549 Her.
798 508 838 557 2,
868 508 917 549 3:
952 506 1155 549 «Cornua
1170 520 1271 549 cum
1289 507 1408 549 lunae
1425 507 1558 561 pleno
1578 508 1716 549 semel

221 584 325 626 orbe
349 583 588 627 coissent».
614 608 673 613 ——
696 584 842 627 versis
871 583 983 627 luna
1003 584 1200 627 recurrit
1225 584 1363 640 equis,
1392 584 1536 625 forma
1560 585 1714 638 paula-

221 661 303 703 tim
328 659 609 702 decrescente
647 660 761 702 redit
801 660 856 702 ad
897 660 1104 710 initium;
1148 661 1202 702 cf.
1243 659 1320 703 Ov.
1363 660 1491 703 Trist.
1516 643 1565 703 'L
1594 662 1631 712 8,
1663 663 1714 703 2:

229 737 477 780 «conversis
504 735 665 793 Solque
692 742 890 781 recurret
915 738 1083 794 equis».
1110 739 1175 781 De
1202 740 1328 793 equis
1366 739 1504 781 Lunae
1531 740 1584 782 cf.
1611 740 1713 782 adn.

224 828 355 869 supra
382 814 435 857 ad
461 815 494 857 I.
524 816 564 864 8,
594 817 675 858 21:
715 829 914 858 «curru».
942 840 1000 845 —
1024 816 1232 869 recuwit,
1269 815 1536 858 indicativus
1573 816 1622 858 in
1647 817 1712 858 in-

220 892 518 946 terrogatione
556 891 774 934 indirecta
811 891 1056 934 secundum
1094 893 1346 947 exemplum
1383 893 1513 948 Prop.
1551 893 1630 935 III.
1672 895 1712 942 5,

222 971 322 1014 27-
340 971 421 1013 28:
455 968 759 1024 «(perdjscere)
781 968 878 1021 Qua
904 971 1026 1012 venit
1051 970 1268 1020 exoriens,
1297 984 1385 1025 qua
1409 969 1568 1021 deficit,
1595 971 1713 1012 unde

222 1047 386 1090 coactis
408 1046 628 1090 Cornibus
648 1047 699 1089 in
718 1047 904 1101 plenum
921 1051 1150 1090 menstrua
1165 1049 1273 1090 luna
1291 1047 1447 1090 redit».
1462 1073 1520 1076 —
1537 1046 1610 1091 Ad
1627 1047 1712 1091 do-

218 1123 397 1166 minam
419 1122 579 1179 faciles
606 1121 759 1166 aditus
777 1136 866 1180 per
889 1124 1101 1167 cawmina
1122 1136 1293 1180 quaero,
1310 1124 1537 1166 communi
1561 1127 1713 1179 poeta-

223 1214 322 1244 rum
347 1201 614 1243 ereticorum
640 1202 897 1255 proposito;
925 1202 979 1243 cf.
1008 1201 1086 1244 Ov.
1113 1202 1207 1244 Am.
1227 1202 1283 1244 H.
1306 1203 1340 1252 1,
1362 1203 1431 1244 929.
1451 1204 1496 1244 et
1513 1202 1712 1244 33—36.:

226 1276 366 1331 «Quid
390 1277 502 1318 mihi
529 1277 747 1331 profuerit
771 1278 898 1319 velox
923 1281 1128 1320 cantatus
1159 1279 1355 1321 Achilles
1371 1282 1392 1321 Ρ
1413 1311 1423 1320 .
1448 1311 1458 1320 .
1482 1311 1493 1321 .
1520 1279 1577 1320 At
1602 1279 1713 1321 facie

218 1357 379 1397 tenerae
405 1355 587 1397 laudata
625 1368 742 1409 saepe
766 1356 928 1409 pueHae
964 1355 1032 1397 Ad
1068 1358 1228 1404 vatem,
1269 1355 1463 1410 pretium
1490 1356 1711 1405 carminis,

218 1432 316 1486 ipsa
341 1431 487 1473 venit:
515 1431 682 1486 Magna
705 1431 836 1473 datur
871 1445 1052 1482 merces,
1094 1433 1280 1474 heroum
1313 1432 1432 1475 clara
1455 1434 1600 1475 valete
1626 1433 1712 1475 No-

218 1508 353 1553 mina.
382 1522 475 1550 non
502 1512 605 1563 apta
633 1513 700 1551 est
725 1510 869 1564 gratia
894 1513 1043 1552 vestra
1066 1511 1223 1552 mihi».

275 1585 324 1628 V.
354 1587 544 1629 21—26.
569 1599 656 1642 per
681 1586 846 1630 caedem
874 1590 914 1630 et
940 1587 1138 1644 facinus,
1176 1590 1227 1630 ut
1252 1587 1339 1630 Cic.
1366 1588 1519 1643 Agrar.
1544 1589 1602 1631 H.
1630 1590 1711 1631 28:

225 1663 454 1718 «Quinque
482 1665 718 1706 hominum
743 1665 926 1707 milibus
952 1666 1007 1707 ad
1034 1666 1136 1716 vim,
1166 1666 1352 1716 facinus,
1381 1666 1544 1708 caedem
1571 1665 1711 1708 delec-

221 1741 303 1782 tis»
335 1744 380 1783 et
402 1741 509 1784 ibid.
537 1742 618 1784 111.
644 1744 698 1784 4:
732 1743 813 1784 «ad
837 1744 941 1792 vim,
971 1743 1027 1785 ad
1054 1744 1239 1794 facinus,
1269 1743 1326 1785 ad
1351 1743 1515 1785 caedem
1542 1757 1710 1785 accom-

218 1817 467 1860 modatus».
495 1841 553 1846 —
580 1817 648 1862 Ne
674 1819 849 1863 iaceam
876 1819 1084 1862 clausam
1114 1820 1280 1876 flebilis
1306 1821 1412 1863 ante
1438 1819 1637 1872 domum,
1663 1823 1713 1862 ut

220 1907 353 1948 supra
378 1895 411 1936 Ι.
455 1897 490 1945 1,
532 1897 615 1938 56:
661 1896 741 1937 «Et
780 1895 911 1938 sedeo
950 1896 1084 1938 duras
1122 1897 1289 1938 ianitor
1328 1899 1430 1938 ante
1469 1897 1627 1939 fores».
1652 1921 1712 1927 —-

217 1971 393 2028 flebilis,
423 1986 559 2014 sensu
585 1973 756 2015 activo:
789 1972 913 2024 flens,
944 1976 993 2015 ut
1018 1974 1127 2016 Hor.
1156 1974 1300 2016 Carm.
1326 1973 1397 2015 IV.
1428 1975 1465 2024 2,
1496 1975 1577 2017 21:
1611 1973 1710 2017 «fle-

221 2047 298 2089 bili
325 2061 524 2102 sponsae»
560 2051 603 2090 et
628 2050 677 2091 A.
705 2049 751 2091 P.
783 2051 891 2092 123:
937 2048 1123 2092 «flebilis
1161 2050 1299 2100 Ino»;
1335 2049 1411 2092 Ov.
1439 2052 1535 2093 Am.
1563 2052 1641 2094 III.
1669 2053 1709 2102 6,

220 2125 277 2166 68
294 2139 304 2166 :
338 2123 610 2180 «Spargebat
633 2126 809 2181 tepidos
825 2126 988 2169 flebilis
1014 2127 1154 2169 imbre
1173 2128 1341 2170 sinus».
1359 2129 1573 2172 Amantes
1591 2131 1711 2173 enim

218 2204 323 2243 ante
348 2201 532 2244 ianuam
559 2202 757 2245 clausam
789 2202 893 2246 flere
932 2204 1102 2254 solent;
1140 2205 1192 2246 cf.
1229 2203 1306 2247 Ov.
1332 2205 1430 2248 Am.
1468 2207 1502 2248 I.
1534 2208 1598 2258 16,
1631 2209 1709 2250 18:

224 2277 344 2321 -uda
370 2278 430 2320 sit
466 2282 517 2321 ut
557 2280 755 2322 lacrimis
793 2281 929 2323 ianua
966 2282 1083 2324 facta
1119 2283 1275 2325 meis».
1297 2307 1356 2312 —
1382 2295 1608 2340 suspensa
1629 2317 1638 2327 .
1664 2319 1673 2327 .
1701 2318 1710 2327 .

219 2355 438 2412 insiyizia,
467 2356 587 2398 dona
612 2358 762 2400 votiva
786 2356 1073 2417 (ἀναθήματα)
1096 2361 1303 2414 pretiosa,
1334 2375 1429 2416 quae
1456 2365 1561 2404 sunt
1582 2376 1710 2404 orna-

217 2435 370 2474 menta
395 2433 580 2487 templi;
614 2435 668 2477 cf.
694 2434 790 2477 Val.
816 2435 960 2479 Flacc.
987 2437 1083 2479 VH.
1121 2439 1205 2480 48:
1239 2437 1351 2481 «Cur
1376 2453 1456 2493 age
1481 2453 1574 2482 non
1599 2443 1708 2482 tem-

217 2510 306 2565 plis
337 2513 511 2553 sacrata
548 2512 737 2556 avellere
772 2513 890 2556 dona
922 2513 1140 2558 Omnibus
1163 2549 1174 2558 .
1197 2548 1207 2558 .
1232 2549 1242 2558 .
1280 2516 1390 2558 libet
1401 2520 1444 2559 P»
1475 2542 1532 2547 -
1559 2518 1707 2561 sacri-

219 2587 345 2646 lcyas
370 2589 535 2632 sentiat
568 2589 653 2632 illa
679 2602 861 2641 manus,
889 2592 985 2634 vult
1023 2593 1160 2646 igitur
1184 2593 1370 2635 Veneris
1395 2594 1613 2648 templum
1640 2609 1708 2636 ex-

215 2665 370 2720 pilare.

275 2741 327 2785 V.
345 2743 454 2785 27—
466 2745 535 2786 30.
560 2741 597 2784 Ο
616 2746 783 2798 pereat,
803 2758 890 2787 ves,
909 2746 1097 2788 27—33.
1116 2750 1247 2801 poeta
1264 2750 1367 2789 ante
1386 2748 1538 2790 oculos
1557 2747 1711 2789 habuit
