1942 3132
269 216 335 251 146
840 230 895 259 An
916 231 945 260 1.
969 228 1002 268 5,
1030 229 1194 259 19—30.

260 347 484 403 persolvi‚·
523 347 676 388 omnia
720 349 825 389 vota
870 350 914 388 te
961 348 1082 389 salvo
1131 346 1314 388 reddidi.
1342 372 1400 375 —
1434 347 1651 402 precibus
1678 381 1688 390 .
1717 383 1725 391 .
1759 382 1768 391 .

267 425 414 468 utitur
439 458 449 467 .
478 458 487 466 .
517 458 527 466 .
555 424 683 474 meis,
713 425 905 466 fructum
930 438 1114 479 precum
1139 436 1344 465 mearum
1369 424 1570 478 percipit.

279 531 280 534 ,
326 499 375 542 V.
410 500 595 541 19—024.
623 499 806 555 fuisses,
835 515 941 555 pro:
982 515 1113 550 esses,
1143 500 1260 554 quod
1294 501 1455 554 saepius
1483 502 1685 543 occurrit.
1714 527 1772 530 —

268 577 486 618 renuente
524 574 623 629 deo,
648 589 741 617 non
768 576 820 618 de
853 579 972 618 certo
1012 576 1205 631 quodam
1245 577 1326 619 deo
1365 577 1665 630 cogitandum,
1695 577 1773 619 sed

268 652 316 693 in
356 666 517 706 genere
560 652 723 694 dicitur
762 667 842 707 pro
883 654 1070 696 numine
1110 654 1260 695 divino
1276 669 1287 703 ;
1327 654 1379 695 cf.
1409 653 1485 696 Ov.
1519 654 1626 696 Met.
1653 654 1771 697 VIII.

271 730 532 771 324—325:
566 729 733 780 «Hane,
771 732 938 784 pariter
974 731 1098 781 vidit,
1137 731 1305 785 pariter
1330 729 1603 784 Calydonius
1640 730 1773 773 heros

270 805 450 860 Optavit
495 808 712 848 renuente
759 806 883 849 deo».
932 833 970 862 Τ
994 806 1119 850 Area
1144 841 1154 850 .
1183 841 1192 849 .
1221 840 1231 849 .
1261 807 1383 858 teret,
1429 809 1479 848 ut
1524 806 1632 848 Hor.
1683 805 1772 849 Sat.

270 884 303 926 I.
337 886 371 933 1,
400 885 485 926 45:
519 882 670 926 «Milia
697 884 913 926 frumenti
951 887 1027 925 tua
1067 885 1238 925 triverit
1266 896 1369 925 area
1395 885 1619 933 eentum»;
1645 883 1772 936 Verg.

273 960 349 1005 Ge.
389 961 423 1003 Ι.
470 962 578 1003 192:
611 963 750 1002 «teret
788 974 894 1002 area
931 962 1128 1002 culmos»
1162 964 1204 1002 et
1243 961 1355 1002 298:
1390 961 1517 1001 «terit
1545 974 1646 1001 area
1685 961 1775 1001 fru-

271 1052 390 1092 ges».
417 1063 477 1067 ——
503 1051 686 1090 messes,
725 1039 976 1088 frumenta:
1015 1039 1067 1080 ef.
1107 1038 1209 1079 adn.
1239 1038 1294 1078 ad
1321 1038 1353 1079 I.
1389 1039 1423 1087 1,
1451 1039 1536 1079 42:
1570 1036 1776 1078 «condita

272 1115 474 1156 messis».
503 1138 562 1142 —-
588 1114 683 1157 sole
721 1114 906 1165 calente,
946 1114 1017 1155 die
1056 1115 1223 1166 aestivo,
1262 1117 1312 1155 ut
1337 1113 1464 1167 Verg.
1496 1113 1573 1156 Ge.
1601 1114 1634 1155 I.
1667 1114 1776 1155 190:

280 1190 556 1244 «Magnaque
582 1205 685 1233 eum
716 1204 880 1245 magno
907 1191 1057 1232 veniet
1094 1191 1253 1232 tritura
1279 1192 1450 1232 calore»
1482 1193 1526 1231 et
1554 1192 1666 1233 298:
1700 1191 1780 1232 «Et
1866 1206 1870 1225 ›

275 1268 423 1310 medio
463 1270 606 1310 tostas
648 1270 759 1310 aestu
800 1267 904 1309 terit
944 1280 1045 1308 area
1087 1268 1277 1320 fruges».
1306 1292 1364 1295 ——
1391 1267 1607 1320 servabit,
1633 1270 1776 1309 eusto-

274 1344 375 1385 diet.
403 1369 463 1372 —
488 1344 539 1386 iu
578 1343 808 1397 lintribus,
835 1344 994 1398 quibus
1033 1357 1128 1386 uvae
1155 1345 1348 1386 eolleetae
1385 1344 1693 1398 portabantur.
1738 1368 1775 1372 —

274 1419 529 1477 Pressaque
566 1419 707 1463 veloci
746 1419 948 1463 candida
984 1424 1140 1463 musta
1171 1420 1300 1475 pede,
1340 1422 1392 1463 ef.
1420 1420 1538 1462 infra
1563 1421 1595 1462 I.
1627 1421 1666 1462 7.
1697 1422 1778 1462 35:

281 1497 523 1550 «Expressa
549 1529 559 1538 .
588 1529 598 1538 .
627 1529 637 1538 .
667 1510 753 1538 uva
778 1529 789 1539 .
818 1529 828 1538 .
857 1529 867 1539 .
895 1497 1107 1551 pedibus»
1152 1499 1195 1538 et
1231 1498 1286 1539 II.
1316 1500 1355 1547 5,
1386 1499 1468 1539 85:
1502 1496 1703 1539 «Oblitus
1737 1499 1779 1538 et

273 1576 420 1615 musto
447 1573 577 1615 feriet
598 1573 712 1627 pede
738 1574 931 1616 rusticus
962 1589 1114 1617 uvas».
1146 1599 1202 1602 -—
1229 1573 1430 1617 eandida
1468 1576 1634 1626 musta,
1660 1573 1779 1615 unde

273 1649 431 1692 vinum
470 1650 622 1691 album
647 1649 722 1700 fit;
762 1651 813 1692 ef.
843 1650 957 1692 Plin.
985 1651 1034 1694 N.
1064 1651 1118 1693 H.
1149 1650 1310 1692 XXIII.
1346 1651 1424 1692 18:
1458 1650 1634 1691 «Musta
1659 1649 1783 1690 diffe-

275 1727 444 1769 rentias
473 1727 641 1768 habent
666 1727 898 1769 naturales
925 1728 1021 1776 has,
1050 1728 1168 1782 quod
1195 1729 1299 1769 sunt
1324 1725 1515 1767 eandida
1554 1728 1631 1767 aut
1655 1726 1785 1779 nigra

277 1806 354 1845 aut
378 1804 497 1845 inter
522 1806 802 1857 utrumque».

335 1880 384 1923 V.
414 1882 608 1923 25—30.
657 1893 906 1924 numerare
951 1894 1105 1936 pecus,
1155 1880 1474 1922 numerabatur
1522 1893 1657 1934 pecus
1709 1884 1786 1923 aut

276 1957 451 2012 vesperi
504 1960 695 2006 tantum,
746 1959 822 1998 aut
869 1957 1004 1999 etiam
1050 1970 1196 2008 mane,
1244 1959 1483 2011 antequam
1524 1948 1580 1998 'ad
1619 1969 1786 2010 pascua

280 2038 512 2089 ageretur3
555 2035 608 2077 of.
650 2034 831 2076 Theoer.
862 2035 900 2083 8,
934 2034 1013 2076 16:
1055 2036 1104 2074 τὰ
1146 2033 1191 2074 δὲ
1233 2034 1347 2089 μᾶλα
1388 2034 1632 2088 ποθέσπερα
1670 2033 1785 2075 πάντ’

284 2110 548 2168 ἀριθμεῠντι;
587 2111 716 2165 Verg.
745 2111 835 2154 Eel.
867 2113 904 2161 3,
935 2113 1016 2153 34:
1050 2111 1227 2164 «bisque
1267 2111 1337 2152 die
1376 2113 1616 2151 numerant
1655 2110 1785 2151 ambo

281 2202 458 2242 pecus».
493 2213 552 2217 —
590 2188 794 2231 amantis
842 2186 1073 2230 Garrulus
1114 2187 1164 2230 iu
1205 2186 1404 2229 dorniuce
1449 2184 1603 2229 ludere
1644 2199 1786 2228 verna

282 2265 402 2315 sinu,
436 2279 583 2307 vernae
627 2266 760 2314 enim,
804 2264 886 2306 filii
929 2278 1157 2307 servorum
1198 2264 1248 2305 in
1288 2264 1421 2305 domo
1463 2263 1635 2304 domini
1674 2263 1782 2311 nati,

279 2342 511 2383 liberalius
553 2341 846 2391 habebantur,
891 2354 1024 2395 quam
1067 2341 1226 2392 oeteri;
1269 2342 1320 2382 cf.
1364 2340 1471 2382 Hor.
1516 2339 1602 2395 Sat.
1646 2339 1702 2380 II.
1745 2339 1783 2388 6,

283 2419 457 2460 66——67
476 2435 485 2460 :
525 2419 663 2459 «Ante
689 2419 831 2460 larem
857 2418 1089 2472 proprium
1115 2431 1268 2460 vescor
1293 2430 1538 2470 vernasque
1576 2428 1785 2470 proeaees

285 2495 421 2537 Paseo
460 2495 610 2536 libatis
651 2495 882 2549 dapibus».
910 2519 969 2523 —
993 2493 1076 2537 deo
1104 2528 1113 2536 .
1142 2527 1149 2535 .
1181 2528 1189 2536 .
1221 2493 1447 2549 ayricolae,
1488 2491 1570 2533 deo
1609 2490 1785 2532 cuidam

287 2572 479 2621 rustico;
508 2572 561 2612 cf.
590 2571 692 2613 adn.
722 2585 855 2625 supra
882 2570 939 2612 ad
964 2571 995 2613 Ι.
1030 2572 1064 2620 1,
1099 2572 1176 2613 14:
1210 2569 1436 2623 «agricolae
1474 2568 1656 2622 ponitur
1682 2570 1784 2609 ante

286 2649 410 2691 deo».
458 2673 518 2676 —-
557 2660 645 2702 pro
697 2648 866 2690 vitibus
918 2660 1071 2699 uvam,
1119 2662 1154 2690 e.
1203 2661 1241 2700 g.
1289 2647 1476 2694 Baccho,
1524 2644 1783 2694 Vertumno,

283 2724 458 2779 Priapo.
486 2748 545 2752 —
569 2721 659 2765 Pro
700 2726 845 2779 segete
882 2724 1044 2779 spicas,
1084 2739 1119 2766 e.
1147 2738 1186 2777 g.
1222 2724 1383 2773 Cereri,
1421 2725 1470 2764 ut
1509 2736 1642 2776 supra
1680 2722 1713 2764 I.
1749 2723 1783 2772 1,
