1942 3132
295 217 368 257 204
856 237 911 266 An
932 238 981 265 11.
1008 236 1038 276 1,
1050 234 1227 265 243—50.

294 354 442 395 natim
487 354 657 407 positis,
705 355 755 395 ut
800 354 855 395 iis
898 354 1202 399 intexerentur
1251 349 1442 395 frondes.
1488 377 1546 381 κ-
1582 352 1785 407 primum

298 429 503 480 docuere,
532 443 637 472 nam
664 430 807 480 antea,
849 432 900 472 ut
926 429 1000 472 Ov.
1031 429 1135 471 Met.
1163 429 1195 470 Ι.
1230 429 1472 470 121—122.
1501 428 1652 470 docet:
1686 427 1785 469 «do-

297 519 399 547 mus
426 508 554 547 antra
580 507 760 549 fuerunt
784 507 842 549 Et
858 506 984 549 densi
1002 507 1182 549 frutices
1200 508 1242 548 et
1257 506 1415 548 vinctae
1433 505 1593 547 cortice
1609 505 1782 559 virgae».

296 575 355 611 4—
380 581 519 624 viridi
542 581 716 637 fronde,
744 583 795 625 cf.
823 583 950 637 Verg.
980 583 1070 624 Ecl.
1104 584 1138 632 1,
1168 583 1250 625 68:
1294 581 1529 636 «Pauperis
1556 582 1598 623 et
1636 581 1785 635 tuguri

294 662 561 712 congestum
612 652 803 714 caespit‘e'
837 660 1055 701 culmen».
1098 682 1156 687 —-
1197 660 1355 701 tauros
1394 657 1539 714 primi
1584 655 1786 700 docuisse

292 735 512 791 feruntur
549 734 805 785 Servitium,
835 737 886 777 cf.
931 736 983 777 de
1025 735 1179 778 Cerere
1223 735 1299 777 Ov.
1339 735 1434 776 Am.
1475 735 1552 776 ΠΙ.
1597 736 1663 785 10,
1707 735 1785 776 13’;

304 811 476 854 «Prima
508 812 624 866 iugis
661 815 812 855 tauros
855 825 1105 872 supponere
1143 813 1259 854 colla
1284 812 1437 865 coegit»
1482 814 1525 852 et
1559 810 1678 852 Fast.
1705 810 1783 851 IH.

296 889 410 930 403:
444 889 550 931 «Illa
576 889 679 944 iugo
706 892 857 931 tauros
883 890 1047 930 collum
1072 889 1265 943 praebere
1292 888 1475 942 coegit».
1495 913 1553 916 —
1570 884 1784 943 plaustro

295 966 594 1022 supposuisse
625 969 788 1015 rotam,
812 966 1062 1020 plaustrum
1090 966 1220 1008 Ceres
1246 965 1443 1014 invenit;
1470 965 1523 1006 cf.
1550 963 1676 1017 Verg.
1706 961 1782 1005 Ge.

298 1043 330 1084 Ι.
366 1044 473 1085 163:
507 1043 758 1097 «Tardaque
783 1043 1022 1085 Eleusiniae
1054 1042 1210 1084 matris
1236 1042 1459 1084 volventia
1483 1041 1723 1095 plaustra».

356 1119 404 1162 V.
433 1121 620 1162 43—46.
650 1119 826 1163 consita
845 1131 1024 1175 pomus,
1054 1133 1158 1160 nam
1185 1122 1314 1161 antea
1340 1120 1442 1161 ferae
1458 1120 1634 1160 tantum
1660 1117 1783 1159 arbo-

293 1209 368 1236 res
404 1198 540 1237 erant.
578 1221 636 1224 ——
682 1194 793 1239 Tum
833 1196 945 1239 bibit
983 1196 1186 1252 irriquas
1222 1196 1388 1252 fertilis
1428 1195 1583 1240 hortus
1622 1206 1780 1251 aquas,

299 1272 444 1326 agitur
472 1272 523 1313 de
550 1273 808 1325 irrigatione
831 1286 1035 1326 agrorum
1074 1287 1152 1327 per
1178 1273 1294 1315 rivos
1320 1272 1524 1314 inductos
1538 1286 1549 1320 ;
1577 1273 1627 1313 cf.
1656 1271 1781 1324 Vei-g.

297 1348 388 1390 Ecl.
432 1351 467 1398 3,
511 1351 617 1391 111:
663 1348 889 1390 «Claudite
915 1350 1006 1390 iam
1045 1350 1174 1399 rivos,
1215 1350 1353 1402 pueri,
1397 1351 1464 1390 sat
1500 1351 1626 1403 prata
1666 1348 1783 1390 bibe-

299 1428 444 1467 runt».
473 1451 531 1454 —
556 1427 770 1482 irriyua&
802 1439 937 1468 sensu
964 1426 1116 1476 activo,
1146 1428 1196 1467 ut
1211 1426 1337 1479 Verg.
1360 1425 1435 1467 Ge.
1454 1425 1524 1467 IV.
1551 1427 1631 1467 32:
1664 1425 1784 1466 «irri-

293 1516 522 1557 guumque
560 1503 719 1545 bibunt
743 1503 930 1544 violaria
968 1504 1161 1544 fontem»
1206 1504 1250 1543 et
1292 1502 1365 1544 Ov.
1405 1503 1500 1543 Am.
1540 1502 1594 1543 ΙΙ.
1637 1502 1700 1552 16,
1731 1502 1783 1543 2:

303 1579 475 1628 «Parva,
519 1580 596 1621 sed
633 1580 810 1632 irriguis
850 1593 927 1620 ora
966 1579 1156 1620 salubris
1196 1579 1362 1633 aquis».
1405 1603 1464 1607 —
1501 1577 1657 1622 Aurea
1687 1581 1784 1623 twm

292 1667 480 1710 pressos
501 1654 696 1711 pedibus
723 1654 847 1698 dedit
871 1668 963 1698 uva
992 1655 1201 1710 liquores,
1223 1658 1272 1697 ut
1299 1669 1433 1710 supra
1457 1656 1489 1697 Ι.
1520 1657 1557 1706 7,
1588 1657 1783 1698 35-36;

303 1731 546 1774 «iucundos
571 1733 766 1785 primum
792 1734 977 1774 matura
1017 1745 1196 1785 sapores
1234 1733 1451 1787 Expressa
1486 1734 1674 1775 insuetis
1699 1746 1785 1775 uva

298 1807 420 1850 dedit
444 1808 672 1862 pedibus».
700 1807 856 1851 Aurea
884 1809 1105 1862 significat
1130 1811 1326 1852 colorem
1351 1824 1446 1852 uvae
1472 1812 1681 1853 maturae:
1707 1809 1785 1852 fla-

295 1899 491 1928 vescens.
519 1911 578 1914 —
605 1899 771 1937 securo,
813 1900 939 1929 curas
973 1887 1179 1941 pellente,
1220 1901 1323 1929 nam
1353 1887 1427 1930 Ov.
1454 1887 1501 1928 A.
1530 1887 1577 1928 A.
1606 1886 1638 1928 Ι.
1669 1888 1783 1929 ΞΒὸε

303 1962 443 2005 «Cura
474 1964 586 2017 fugit
623 1963 765 2004 multo
805 1963 1076 2017 diluiturque
1113 1977 1278 2005 mero».
1319 1964 1379 2006 Cf.
1409 1964 1535 2018 Verg.
1574 1963 1681 2005 Aen.
1709 1963 1780 2005 VI.

296 2040 394 2081 715.
424 2040 478 2081 de
501 2053 613 2093 aqua
638 2040 825 2082 Lethes:
861 2038 1069 2082 «Securos
1092 2040 1286 2082 latices».
1315 2066 1372 2069 —
1400 2040 1556 2083 sobria
1583 2037 1779 2096 lympha,

290 2129 423 2170 aqua,
450 2119 499 2158 ut
526 2129 659 2170 supra
696 2115 728 2158 Ι.
770 2118 808 2166 6,
854 2117 1054 2158 27—28:
1099 2116 1325 2158 «bibebam
1363 2116 1517 2159 Sobria
1555 2118 1783 2173 supposita

295 2195 453 2247 pocula
480 2194 619 2236 victor
645 2207 799 2248 aqua».

356 2271 403 2312 V.
432 2272 621 2313 45—50.
652 2283 834 2320 messes,
876 2271 1034 2323 fruges.
1063 2295 1120 2298 ——
1146 2269 1284 2313 calidi
1322 2283 1425 2312 cum
1460 2269 1623 2313 sideris
1655 2270 1780 2320 cestu,

291 2347 401 2400 >quia
427 2347 574 2400 fruges
616 2349 765 2388 aestate
806 2347 1114 2395 demetuntur;
1154 2347 1207 2388 cf.
1235 2346 1392 2388 Catull.
1423 2348 1490 2394 64,
1521 2348 1781 2389 353—354:

300 2423 486 2464 «densas
511 2437 785 2477 praecerpens
807 2436 977 2464 messor
994 2422 1151 2464 aristas
1170 2421 1270 2464 Sole
1288 2422 1369 2463 sub
1387 2422 1559 2464 ardenti
1573 2422 1782 2464 flaventia

290 2499 482 2541 demetit
497 2513 622 2542 arva»
646 2502 688 2540 et
702 2499 826 2552 Verg.
847 2499 922 2541 Ge.
939 2500 971 2541 Ι.
990 2500 1072 2541 297
1092 2515 1100 2540 :
1134 2499 1213 2539 «At
1227 2498 1472 2540 rubicunda
1489 2497 1617 2539 Ceres
1633 2498 1780 2540 medio

300 2576 538 2618 succiditur
552 2579 684 2617 aestu»
708 2601 765 2604 —
782 2575 966 2618 calidi..
981 2609 990 2618 .
1018 2574 1196 2627 sideris,
1217 2575 1336 2624 solis,
1356 2578 1405 2616 ut
1422 2573 1499 2616 Ov.
1515 2575 1613 2616 Am.
1634 2575 1690 2616 H.
1713 2575 1777 2624 16,

291 2652 323 2694 3
340 2669 348 2694 :
383 2651 483 2695 «Sol
509 2654 612 2694 licet
638 2653 815 2694 admoto
834 2654 1042 2695 tellurem
1060 2653 1202 2695 sidere
1218 2652 1398 2702 findat»,
1415 2653 1465 2694 A.
1483 2653 1531 2694 A.
1546 2653 1580 2693 Ι.
1596 2653 1707 2694 7⁶24:
1731 2666 1781 2695 «a

292 2730 436 2771 radiis
454 2729 609 2772 sideris
626 2742 720 2771 esse
749 2729 899 2782 niger»
923 2732 966 2770 et
982 2729 1085 2771 Met.
1104 2730 1136 2771 I.
1157 2730 1245 2772 424
1262 2745 1271 2771 ε
1295 2728 1611 2782 «Aetherioque
1628 2742 1780 2771 recens
