<?xml version="1.0" encoding="UTF-8"?>
<!DOCTYPE html PUBLIC "-//W3C//DTD XHTML 1.0 Transitional//EN"
    "http://www.w3.org/TR/xhtml1/DTD/xhtml1-transitional.dtd">
<html xmlns="http://www.w3.org/1999/xhtml" xml:lang="en" lang="en">
 <head>
  <title>
</title>
<meta http-equiv="Content-Type" content="text/html;charset=utf-8" />
  <meta name='ocr-system' content='tesseract 3.04.00' />
  <meta name='ocr-capabilities' content='ocr_page ocr_carea ocr_par ocr_line ocrx_word'/>
</head>
<body>
  <div class='ocr_page' id='page_1' title='image "./carminaaccedunts00tibuuoft_0226.png"; bbox 0 0 1942 3132; ppageno 0'>
   <div class='ocr_carea' id='block_1_1' title="bbox 249 1213 1741 1267">
    <p class='ocr_par' dir='ltr' id='par_1_1' title="bbox 161 1213 1741 1267">
     <span class='ocr_line' id='line_1_1' title="bbox 249 1213 1741 1267; baseline 0.003 -16.722"><span class='ocrx_word' id='word_1_1' title='bbox 249 1213 466 1254; x_wconf 80' lang='lat' dir='ltr'>vertentis</span> <span class='ocrx_word' id='word_1_2' title='bbox 492 1213 819 1267; x_wconf 78' lang='lat' dir='ltr'>fertilitatisque</span> <span class='ocrx_word' id='word_1_3' title='bbox 846 1213 977 1254; x_wconf 76' lang='lat' dir='ltr'>varice</span> <span class='ocrx_word' id='word_1_4' title='bbox 1014 1226 1094 1266; x_wconf 91' lang='lat' dir='ltr'>per</span> <span class='ocrx_word' id='word_1_5' title='bbox 1130 1213 1248 1254; x_wconf 77' lang='lat' dir='ltr'>vices</span> <span class='ocrx_word' id='word_1_6' title='bbox 1280 1215 1541 1267; x_wconf 90' lang='lat' dir='ltr'>temporum,</span> <span class='ocrx_word' id='word_1_7' title='bbox 1583 1213 1741 1256; x_wconf 90' lang='lat' dir='ltr'>deinde</span> 
     </span>
    </p>
   </div>
   <div class='ocr_carea' id='block_1_2' title="bbox 248 238 1172 293">
    <p class='ocr_par' dir='ltr' id='par_1_2' title="bbox 248 238 1172 293">
     <span class='ocr_line' id='line_1_2' title="bbox 248 238 1172 293; baseline 0 -9"><span class='ocrx_word' id='word_1_8' title='bbox 248 238 319 275; x_wconf 67' lang='lat'>229</span> <span class='ocrx_word' id='word_1_9' title='bbox 814 257 871 284; x_wconf 81' lang='lat' dir='ltr'>AD</span> <span class='ocrx_word' id='word_1_10' title='bbox 891 255 948 285; x_wconf 83' lang='lat' dir='ltr'>IV.</span> <span class='ocrx_word' id='word_1_11' title='bbox 972 255 1005 293; x_wconf 68' lang='lat'>2,</span> <span class='ocrx_word' id='word_1_12' title='bbox 1030 254 1172 284; x_wconf 66' lang='lat'>9—20.</span> 
     </span>
    </p>
   </div>
   <div class='ocr_carea' id='block_1_3' title="bbox 248 371 1812 1192">
    <p class='ocr_par' dir='ltr' id='par_1_3' title="bbox 248 371 1812 1192">
     <span class='ocr_line' id='line_1_3' title="bbox 310 371 1744 427; baseline 0 -13"><span class='ocrx_word' id='word_1_13' title='bbox 310 373 359 415; x_wconf 91' lang='lat' dir='ltr'>V.</span> <span class='ocrx_word' id='word_1_14' title='bbox 389 373 546 414; x_wconf 78' lang='lat'><strong>9—14.</strong></span> <span class='ocrx_word' id='word_1_15' title='bbox 576 371 778 427; x_wconf 79' lang='lat' dir='ltr'><em>compsit,</em></span> <span class='ocrx_word' id='word_1_16' title='bbox 812 374 904 414; x_wconf 87' lang='lat' dir='ltr'>arte</span> <span class='ocrx_word' id='word_1_17' title='bbox 933 371 1164 426; x_wconf 75' lang='lat' dir='ltr'>disposuit.</span> <span class='ocrx_word' id='word_1_18' title='bbox 1192 395 1250 399; x_wconf 84' lang='lat'><strong>—</strong></span> <span class='ocrx_word' id='word_1_19' title='bbox 1275 371 1546 422; x_wconf 68' lang='lat' dir='ltr'>veneranda,</span> <span class='ocrx_word' id='word_1_20' title='bbox 1586 375 1636 414; x_wconf 91' lang='lat' dir='ltr'>ut</span> <span class='ocrx_word' id='word_1_21' title='bbox 1661 373 1744 415; x_wconf 89' lang='lat' dir='ltr'>dea</span> 
     </span>
     <span class='ocr_line' id='line_1_4' title="bbox 249 444 1740 504; baseline -0.001 -14"><span class='ocrx_word' id='word_1_22' title='bbox 249 449 463 504; x_wconf 85' lang='lat' dir='ltr'>quaedam.</span> <span class='ocrx_word' id='word_1_23' title='bbox 493 474 550 477; x_wconf 93' lang='lat'>——</span> <span class='ocrx_word' id='word_1_24' title='bbox 576 448 685 502; x_wconf 80' lang='lat' dir='ltr'>urit,</span> <span class='ocrx_word' id='word_1_25' title='bbox 711 461 860 491; x_wconf 88' lang='lat' dir='ltr'>amore</span> <span class='ocrx_word' id='word_1_26' title='bbox 886 447 1097 490; x_wconf 73' lang='lat' dir='ltr'>incendit.</span> <span class='ocrx_word' id='word_1_27' title='bbox 1122 472 1180 475; x_wconf 88' lang='lat'>——</span> <span class='ocrx_word' id='word_1_28' title='bbox 1203 444 1341 502; x_wconf 75' lang='lat' dir='ltr'>Tyria</span> <span class='ocrx_word' id='word_1_29' title='bbox 1363 481 1372 489; x_wconf 91' lang='lat'>.</span> <span class='ocrx_word' id='word_1_30' title='bbox 1398 479 1407 488; x_wconf 92' lang='lat'><strong>.</strong></span> <span class='ocrx_word' id='word_1_31' title='bbox 1431 480 1441 489; x_wconf 89' lang='lat'><strong>.</strong></span> <span class='ocrx_word' id='word_1_32' title='bbox 1464 446 1613 503; x_wconf 81' lang='lat' dir='ltr'>palla,</span> <span class='ocrx_word' id='word_1_33' title='bbox 1638 461 1740 501; x_wconf 91' lang='lat' dir='ltr'>pur-</span> 
     </span>
     <span class='ocr_line' id='line_1_5' title="bbox 249 522 1738 579; baseline -0.001 -12"><span class='ocrx_word' id='word_1_34' title='bbox 249 539 413 579; x_wconf 84' lang='lat' dir='ltr'>purea3</span> <span class='ocrx_word' id='word_1_35' title='bbox 441 525 492 566; x_wconf 89' lang='lat' dir='ltr'>cf.</span> <span class='ocrx_word' id='word_1_36' title='bbox 523 538 657 578; x_wconf 79' lang='lat' dir='ltr'>supra</span> <span class='ocrx_word' id='word_1_37' title='bbox 682 525 715 566; x_wconf 94' lang='lat' dir='ltr'>I.</span> <span class='ocrx_word' id='word_1_38' title='bbox 743 526 781 575; x_wconf 85' lang='lat'>9,</span> <span class='ocrx_word' id='word_1_39' title='bbox 812 525 894 566; x_wconf 89' lang='lat'>70:</span> <span class='ocrx_word' id='word_1_40' title='bbox 927 524 1079 577; x_wconf 82' lang='lat' dir='ltr'>«Tyrio</span> <span class='ocrx_word' id='word_1_41' title='bbox 1106 522 1291 577; x_wconf 90' lang='lat' dir='ltr'>prodeat</span> <span class='ocrx_word' id='word_1_42' title='bbox 1316 525 1419 577; x_wconf 86' lang='lat' dir='ltr'>apta</span> <span class='ocrx_word' id='word_1_43' title='bbox 1441 524 1567 564; x_wconf 84' lang='lat' dir='ltr'>sinu»</span> <span class='ocrx_word' id='word_1_44' title='bbox 1600 526 1644 564; x_wconf 88' lang='lat' dir='ltr'>et</span> <span class='ocrx_word' id='word_1_45' title='bbox 1667 523 1738 566; x_wconf 90' lang='lat' dir='ltr'>IV.</span> 
     </span>
     <span class='ocr_line' id='line_1_6' title="bbox 249 598 1740 655; baseline -0.001 -11"><span class='ocrx_word' id='word_1_46' title='bbox 249 603 292 652; x_wconf 80' lang='lat'>6,</span> <span class='ocrx_word' id='word_1_47' title='bbox 325 603 402 643; x_wconf 83' lang='lat'>13:</span> <span class='ocrx_word' id='word_1_48' title='bbox 448 614 778 655; x_wconf 87' lang='lat' dir='ltr'>«purpureaque</span> <span class='ocrx_word' id='word_1_49' title='bbox 815 601 918 642; x_wconf 86' lang='lat' dir='ltr'>veni</span> <span class='ocrx_word' id='word_1_50' title='bbox 955 600 1183 654; x_wconf 87' lang='lat' dir='ltr'>perlucida</span> <span class='ocrx_word' id='word_1_51' title='bbox 1220 601 1380 653; x_wconf 88' lang='lat' dir='ltr'>palla».</span> <span class='ocrx_word' id='word_1_52' title='bbox 1408 624 1467 628; x_wconf 76' lang='lat'>—</span> <span class='ocrx_word' id='word_1_53' title='bbox 1485 598 1740 655; x_wconf 80' lang='lat' dir='ltr'><em>procedere,</em></span> 
     </span>
     <span class='ocr_line' id='line_1_7' title="bbox 250 676 1742 733; baseline -0.001 -13"><span class='ocrx_word' id='word_1_54' title='bbox 250 678 428 733; x_wconf 88' lang='lat' dir='ltr'>prodire</span> <span class='ocrx_word' id='word_1_55' title='bbox 454 678 503 719; x_wconf 89' lang='lat' dir='ltr'>in</span> <span class='ocrx_word' id='word_1_56' title='bbox 534 680 818 732; x_wconf 82' lang='lat' dir='ltr'>conspectum</span> <span class='ocrx_word' id='word_1_57' title='bbox 858 678 1106 728; x_wconf 90' lang='lat' dir='ltr'>hominum,</span> <span class='ocrx_word' id='word_1_58' title='bbox 1134 679 1184 718; x_wconf 90' lang='lat' dir='ltr'>ut</span> <span class='ocrx_word' id='word_1_59' title='bbox 1220 677 1347 730; x_wconf 90' lang='lat' dir='ltr'>Prop.</span> <span class='ocrx_word' id='word_1_60' title='bbox 1375 676 1407 718; x_wconf 91' lang='lat' dir='ltr'>I.</span> <span class='ocrx_word' id='word_1_61' title='bbox 1437 677 1477 726; x_wconf 68' lang='lat'>2,</span> <span class='ocrx_word' id='word_1_62' title='bbox 1509 677 1558 719; x_wconf 80' lang='lat'>1:</span> <span class='ocrx_word' id='word_1_63' title='bbox 1602 676 1742 728; x_wconf 82' lang='lat' dir='ltr'>«Quid</span> 
     </span>
     <span class='ocr_line' id='line_1_8' title="bbox 251 753 1743 809; baseline 0 -13"><span class='ocrx_word' id='word_1_64' title='bbox 251 755 375 796; x_wconf 88' lang='lat' dir='ltr'>iuvat</span> <span class='ocrx_word' id='word_1_65' title='bbox 422 757 578 796; x_wconf 83' lang='lat' dir='ltr'>ornato</span> <span class='ocrx_word' id='word_1_66' title='bbox 615 754 862 808; x_wconf 80' lang='lat' dir='ltr'>procedere,</span> <span class='ocrx_word' id='word_1_67' title='bbox 903 755 1007 803; x_wconf 85' lang='lat' dir='ltr'>vita,</span> <span class='ocrx_word' id='word_1_68' title='bbox 1051 755 1211 808; x_wconf 80' lang='lat' dir='ltr'>capillo</span> <span class='ocrx_word' id='word_1_69' title='bbox 1225 757 1267 796; x_wconf 69' lang='lat'>9»</span> <span class='ocrx_word' id='word_1_70' title='bbox 1309 778 1369 783; x_wconf 86' lang='lat'>——</span> <span class='ocrx_word' id='word_1_71' title='bbox 1398 753 1547 809; x_wconf 78' lang='lat' dir='ltr'>palla,</span> <span class='ocrx_word' id='word_1_72' title='bbox 1576 755 1743 808; x_wconf 87' lang='lat' dir='ltr'>pallam</span> 
     </span>
     <span class='ocr_line' id='line_1_9' title="bbox 253 829 1738 885; baseline -0.001 -13"><span class='ocrx_word' id='word_1_73' title='bbox 253 831 465 885; x_wconf 76' lang='lat' dir='ltr'>gerebant</span> <span class='ocrx_word' id='word_1_74' title='bbox 502 833 716 872; x_wconf 75' lang='lat' dir='ltr'>matronae</span> <span class='ocrx_word' id='word_1_75' title='bbox 756 844 911 885; x_wconf 33' lang='lat' dir='ltr'>supra*</span> <span class='ocrx_word' id='word_1_76' title='bbox 928 832 1091 873; x_wconf 78' lang='lat' dir='ltr'>stolam</span> <span class='ocrx_word' id='word_1_77' title='bbox 1105 845 1116 881; x_wconf 79' lang='lat'><em>3</em></span> <span class='ocrx_word' id='word_1_78' title='bbox 1156 832 1208 872; x_wconf 83' lang='lat' dir='ltr'>cf.</span> <span class='ocrx_word' id='word_1_79' title='bbox 1250 830 1348 872; x_wconf 90' lang='lat' dir='ltr'>adn.</span> <span class='ocrx_word' id='word_1_80' title='bbox 1389 843 1522 884; x_wconf 83' lang='lat' dir='ltr'>supra</span> <span class='ocrx_word' id='word_1_81' title='bbox 1560 829 1614 871; x_wconf 90' lang='lat' dir='ltr'>ad</span> <span class='ocrx_word' id='word_1_82' title='bbox 1638 830 1673 872; x_wconf 90' lang='lat' dir='ltr'>I.</span> <span class='ocrx_word' id='word_1_83' title='bbox 1700 831 1738 880; x_wconf 86' lang='lat'>6,</span> 
     </span>
     <span class='ocr_line' id='line_1_10' title="bbox 252 906 1742 960; baseline 0.001 -12"><span class='ocrx_word' id='word_1_84' title='bbox 252 907 457 948; x_wconf 78' lang='lat'>67-—682</span> <span class='ocrx_word' id='word_1_85' title='bbox 503 906 727 959; x_wconf 80' lang='lat' dir='ltr'>«quamvis</span> <span class='ocrx_word' id='word_1_86' title='bbox 764 919 857 947; x_wconf 92' lang='lat' dir='ltr'>non</span> <span class='ocrx_word' id='word_1_87' title='bbox 890 907 999 947; x_wconf 88' lang='lat' dir='ltr'>vitta</span> <span class='ocrx_word' id='word_1_88' title='bbox 1039 907 1199 959; x_wconf 78' lang='lat' dir='ltr'>ligatos</span> <span class='ocrx_word' id='word_1_89' title='bbox 1237 906 1456 960; x_wconf 77' lang='lat' dir='ltr'>Impediat</span> <span class='ocrx_word' id='word_1_90' title='bbox 1492 907 1635 949; x_wconf 80' lang='lat' dir='ltr'>crines</span> <span class='ocrx_word' id='word_1_91' title='bbox 1660 920 1742 949; x_wconf 82' lang='lat' dir='ltr'>nec</span> 
     </span>
     <span class='ocr_line' id='line_1_11' title="bbox 249 980 1740 1037; baseline 0.001 -14"><span class='ocrx_word' id='word_1_92' title='bbox 249 983 366 1024; x_wconf 73' lang='lat' dir='ltr'>stola</span> <span class='ocrx_word' id='word_1_93' title='bbox 390 983 525 1036; x_wconf 87' lang='lat' dir='ltr'>longa</span> <span class='ocrx_word' id='word_1_94' title='bbox 549 982 725 1036; x_wconf 82' lang='lat' dir='ltr'>pedes».</span> <span class='ocrx_word' id='word_1_95' title='bbox 755 1008 812 1011; x_wconf 97' lang='lat'><strong>—</strong></span> <span class='ocrx_word' id='word_1_96' title='bbox 837 983 970 1025; x_wconf 77' lang='lat' dir='ltr'>nivea</span> <span class='ocrx_word' id='word_1_97' title='bbox 1003 980 1201 1025; x_wconf 70' lang='lat' dir='ltr'>candida</span> <span class='ocrx_word' id='word_1_98' title='bbox 1238 984 1367 1032; x_wconf 81' lang='lat' dir='ltr'>veste,</span> <span class='ocrx_word' id='word_1_99' title='bbox 1407 983 1551 1037; x_wconf 80' lang='lat' dir='ltr'>qualis</span> <span class='ocrx_word' id='word_1_100' title='bbox 1587 983 1740 1025; x_wconf 89' lang='lat' dir='ltr'>indue-</span> 
     </span>
     <span class='ocr_line' id='line_1_12' title="bbox 251 1058 1742 1114; baseline 0.002 -14"><span class='ocrx_word' id='word_1_101' title='bbox 251 1059 382 1100; x_wconf 88' lang='lat' dir='ltr'>batur</span> <span class='ocrx_word' id='word_1_102' title='bbox 402 1058 558 1101; x_wconf 82' lang='lat' dir='ltr'>diebus</span> <span class='ocrx_word' id='word_1_103' title='bbox 585 1059 708 1100; x_wconf 77' lang='lat' dir='ltr'>festis</span> <span class='ocrx_word' id='word_1_104' title='bbox 739 1059 787 1100; x_wconf 90' lang='lat' dir='ltr'>in</span> <span class='ocrx_word' id='word_1_105' title='bbox 813 1059 1030 1101; x_wconf 81' lang='lat' dir='ltr'><em>honorem</em></span> <span class='ocrx_word' id='word_1_106' title='bbox 1058 1058 1240 1100; x_wconf 86' lang='lat' dir='ltr'>deorum</span> <span class='ocrx_word' id='word_1_107' title='bbox 1256 1074 1266 1108; x_wconf 91' lang='lat'>;</span> <span class='ocrx_word' id='word_1_108' title='bbox 1306 1060 1358 1101; x_wconf 87' lang='lat' dir='ltr'>cf.</span> <span class='ocrx_word' id='word_1_109' title='bbox 1400 1073 1534 1114; x_wconf 81' lang='lat' dir='ltr'>supra</span> <span class='ocrx_word' id='word_1_110' title='bbox 1560 1061 1659 1103; x_wconf 91' lang='lat' dir='ltr'>adn.</span> <span class='ocrx_word' id='word_1_111' title='bbox 1687 1061 1742 1103; x_wconf 86' lang='lat' dir='ltr'>ad</span> 
     </span>
     <span class='ocr_line' id='line_1_13' title="bbox 248 1134 1812 1192; baseline -0.001 -15"><span class='ocrx_word' id='word_1_112' title='bbox 248 1135 305 1178; x_wconf 87' lang='lat' dir='ltr'>II.</span> <span class='ocrx_word' id='word_1_113' title='bbox 336 1137 369 1186; x_wconf 93' lang='lat'>1,</span> <span class='ocrx_word' id='word_1_114' title='bbox 405 1137 483 1178; x_wconf 84' lang='lat'>16:</span> <span class='ocrx_word' id='word_1_115' title='bbox 517 1135 727 1188; x_wconf 87' lang='lat' dir='ltr'>«candida</span> <span class='ocrx_word' id='word_1_116' title='bbox 754 1136 923 1178; x_wconf 86' lang='lat' dir='ltr'>turba».</span> <span class='ocrx_word' id='word_1_117' title='bbox 951 1161 1010 1164; x_wconf 95' lang='lat'><strong>—</strong></span> <span class='ocrx_word' id='word_1_118' title='bbox 1035 1135 1151 1192; x_wconf 73' lang='lat' dir='ltr'>felioc</span> <span class='ocrx_word' id='word_1_119' title='bbox 1185 1134 1471 1188; x_wconf 75' lang='lat' dir='ltr'><em>Vertumnus,</em></span> <span class='ocrx_word' id='word_1_120' title='bbox 1501 1137 1812 1192; x_wconf 52' lang='lat' dir='ltr'>annnLae</span> 
     </span>
    </p>
   </div>
   <div class='ocr_carea' id='block_1_4' title="bbox 247 1279 1743 2796">
    <p class='ocr_par' dir='ltr' id='par_1_4' title="bbox 247 1279 1743 2097">
     <span class='ocr_line' id='line_1_14' title="bbox 251 1279 1741 1343; baseline 0.001 -12"><span class='ocrx_word' id='word_1_121' title='bbox 251 1279 454 1331; x_wconf 48' lang='lat' dir='ltr'>omn—ium</span> <span class='ocrx_word' id='word_1_122' title='bbox 481 1289 793 1339; x_wconf 72' lang='lat' dir='ltr'>mutationum,</span> <span class='ocrx_word' id='word_1_123' title='bbox 835 1289 909 1343; x_wconf 92' lang='lat' dir='ltr'>qui</span> <span class='ocrx_word' id='word_1_124' title='bbox 940 1289 1086 1331; x_wconf 82' lang='lat' dir='ltr'>varios</span> <span class='ocrx_word' id='word_1_125' title='bbox 1125 1289 1308 1331; x_wconf 91' lang='lat' dir='ltr'>induere</span> <span class='ocrx_word' id='word_1_126' title='bbox 1347 1291 1518 1332; x_wconf 77' lang='lat' dir='ltr'><em>solebat</em></span> <span class='ocrx_word' id='word_1_127' title='bbox 1560 1292 1741 1333; x_wconf 85' lang='lat' dir='ltr'>ornatus</span> 
     </span>
     <span class='ocr_line' id='line_1_15' title="bbox 252 1365 1741 1420; baseline 0.001 -13"><span class='ocrx_word' id='word_1_128' title='bbox 252 1368 297 1408; x_wconf 91' lang='lat' dir='ltr'>et</span> <span class='ocrx_word' id='word_1_129' title='bbox 321 1366 370 1407; x_wconf 89' lang='lat' dir='ltr'>in</span> <span class='ocrx_word' id='word_1_130' title='bbox 397 1379 551 1407; x_wconf 82' lang='lat' dir='ltr'>omnes</span> <span class='ocrx_word' id='word_1_131' title='bbox 591 1365 754 1419; x_wconf 80' lang='lat' dir='ltr'>figuras</span> <span class='ocrx_word' id='word_1_132' title='bbox 793 1369 924 1420; x_wconf 79' lang='lat' dir='ltr'>aptus</span> <span class='ocrx_word' id='word_1_133' title='bbox 956 1379 1051 1408; x_wconf 78' lang='lat' dir='ltr'>esse</span> <span class='ocrx_word' id='word_1_134' title='bbox 1093 1366 1344 1420; x_wconf 88' lang='lat' dir='ltr'>putabatur,</span> <span class='ocrx_word' id='word_1_135' title='bbox 1375 1380 1508 1420; x_wconf 86' lang='lat' dir='ltr'>quare</span> <span class='ocrx_word' id='word_1_136' title='bbox 1534 1367 1741 1408; x_wconf 90' lang='lat' dir='ltr'>hocloco</span> 
     </span>
     <span class='ocr_line' id='line_1_16' title="bbox 251 1442 1740 1497; baseline 0 -12"><span class='ocrx_word' id='word_1_137' title='bbox 251 1443 356 1485; x_wconf 81' lang='lat' dir='ltr'>felix</span> <span class='ocrx_word' id='word_1_138' title='bbox 381 1456 469 1497; x_wconf 87' lang='lat' dir='ltr'>prae</span> <span class='ocrx_word' id='word_1_139' title='bbox 498 1443 653 1484; x_wconf 83' lang='lat' dir='ltr'>ceteris</span> <span class='ocrx_word' id='word_1_140' title='bbox 680 1442 765 1484; x_wconf 82' lang='lat' dir='ltr'>diis</span> <span class='ocrx_word' id='word_1_141' title='bbox 791 1442 963 1484; x_wconf 85' lang='lat' dir='ltr'>dicitur.</span> <span class='ocrx_word' id='word_1_142' title='bbox 990 1443 1186 1484; x_wconf 84' lang='lat' dir='ltr'>Felicem</span> <span class='ocrx_word' id='word_1_143' title='bbox 1203 1442 1356 1484; x_wconf 87' lang='lat' dir='ltr'>dicunt</span> <span class='ocrx_word' id='word_1_144' title='bbox 1372 1443 1460 1497; x_wconf 78' lang='lat' dir='ltr'>ipsi</span> <span class='ocrx_word' id='word_1_145' title='bbox 1485 1443 1548 1484; x_wconf 91' lang='lat' dir='ltr'>dii</span> <span class='ocrx_word' id='word_1_146' title='bbox 1572 1443 1740 1496; x_wconf 80' lang='lat' dir='ltr'>Apolli-</span> 
     </span>
     <span class='ocr_line' id='line_1_17' title="bbox 249 1519 1740 1574; baseline -0.001 -12"><span class='ocrx_word' id='word_1_147' title='bbox 249 1534 354 1562; x_wconf 89' lang='lat' dir='ltr'>nem</span> <span class='ocrx_word' id='word_1_148' title='bbox 380 1522 562 1574; x_wconf 91' lang='lat' dir='ltr'>propter</span> <span class='ocrx_word' id='word_1_149' title='bbox 587 1521 724 1560; x_wconf 85' lang='lat' dir='ltr'>artem</span> <span class='ocrx_word' id='word_1_150' title='bbox 751 1519 958 1560; x_wconf 88' lang='lat' dir='ltr'>medendi</span> <span class='ocrx_word' id='word_1_151' title='bbox 984 1520 1100 1561; x_wconf 83' lang='lat' dir='ltr'>infra</span> <span class='ocrx_word' id='word_1_152' title='bbox 1124 1519 1195 1561; x_wconf 87' lang='lat' dir='ltr'>IV.</span> <span class='ocrx_word' id='word_1_153' title='bbox 1223 1520 1264 1569; x_wconf 78' lang='lat'>4,</span> <span class='ocrx_word' id='word_1_154' title='bbox 1294 1520 1494 1562; x_wconf 66' lang='lat'>25—26:</span> <span class='ocrx_word' id='word_1_155' title='bbox 1527 1519 1671 1561; x_wconf 81' lang='lat' dir='ltr'>«Tunc</span> <span class='ocrx_word' id='word_1_156' title='bbox 1697 1523 1740 1561; x_wconf 84' lang='lat' dir='ltr'>te</span> 
     </span>
     <span class='ocr_line' id='line_1_18' title="bbox 250 1595 1740 1651; baseline -0.001 -13"><span class='ocrx_word' id='word_1_157' title='bbox 250 1597 425 1639; x_wconf 83' lang='lat' dir='ltr'>felicem</span> <span class='ocrx_word' id='word_1_158' title='bbox 453 1596 569 1637; x_wconf 90' lang='lat' dir='ltr'>dicet</span> <span class='ocrx_word' id='word_1_159' title='bbox 591 1596 666 1648; x_wconf 87' lang='lat' dir='ltr'>pia</span> <span class='ocrx_word' id='word_1_160' title='bbox 690 1595 820 1637; x_wconf 87' lang='lat' dir='ltr'>turba</span> <span class='ocrx_word' id='word_1_161' title='bbox 846 1595 1046 1646; x_wconf 83' lang='lat' dir='ltr'>deorum,</span> <span class='ocrx_word' id='word_1_162' title='bbox 1065 1595 1293 1650; x_wconf 89' lang='lat' dir='ltr'>Optabunt</span> <span class='ocrx_word' id='word_1_163' title='bbox 1319 1598 1434 1637; x_wconf 83' lang='lat' dir='ltr'>artes</span> <span class='ocrx_word' id='word_1_164' title='bbox 1452 1598 1496 1637; x_wconf 91' lang='lat' dir='ltr'>et</span> <span class='ocrx_word' id='word_1_165' title='bbox 1513 1596 1597 1638; x_wconf 80' lang='lat' dir='ltr'>sibi</span> <span class='ocrx_word' id='word_1_166' title='bbox 1622 1597 1740 1651; x_wconf 82' lang='lat' dir='ltr'>quis-</span> 
     </span>
     <span class='ocr_line' id='line_1_19' title="bbox 250 1658 1737 1728; baseline 0 -13"><span class='ocrx_word' id='word_1_167' title='bbox 250 1687 333 1728; x_wconf 89' lang='lat' dir='ltr'>que</span> <span class='ocrx_word' id='word_1_168' title='bbox 360 1676 502 1715; x_wconf 82' lang='lat' dir='ltr'>tuas».</span> <span class='ocrx_word' id='word_1_169' title='bbox 531 1698 589 1700; x_wconf 97' lang='lat'>---</span> <span class='ocrx_word' id='word_1_170' title='bbox 616 1670 739 1714; x_wconf 79' lang='lat' dir='ltr'>Mille</span> <span class='ocrx_word' id='word_1_171' title='bbox 780 1670 911 1715; x_wconf 81' lang='lat' dir='ltr'>habet</span> <span class='ocrx_word' id='word_1_172' title='bbox 953 1673 1154 1720; x_wconf 76' lang='lat' dir='ltr'>ornatus,</span> <span class='ocrx_word' id='word_1_173' title='bbox 1195 1671 1321 1714; x_wconf 80' lang='lat' dir='ltr'>mille</span> <span class='ocrx_word' id='word_1_174' title='bbox 1359 1670 1565 1715; x_wconf 76' lang='lat' dir='ltr'>decenter</span> <span class='ocrx_word' id='word_1_175' title='bbox 1596 1658 1737 1723; x_wconf 78' lang='lat' dir='ltr'>habet,</span> 
     </span>
     <span class='ocr_line' id='line_1_20' title="bbox 249 1747 1743 1802; baseline 0 -11"><span class='ocrx_word' id='word_1_176' title='bbox 249 1751 302 1792; x_wconf 89' lang='lat' dir='ltr'>cf.</span> <span class='ocrx_word' id='word_1_177' title='bbox 333 1750 386 1791; x_wconf 90' lang='lat' dir='ltr'>de</span> <span class='ocrx_word' id='word_1_178' title='bbox 412 1750 657 1792; x_wconf 86' lang='lat' dir='ltr'>Vertumno</span> <span class='ocrx_word' id='word_1_179' title='bbox 684 1749 812 1802; x_wconf 89' lang='lat' dir='ltr'>Prop.</span> <span class='ocrx_word' id='word_1_180' title='bbox 841 1748 912 1790; x_wconf 89' lang='lat' dir='ltr'>IV.</span> <span class='ocrx_word' id='word_1_181' title='bbox 942 1750 982 1799; x_wconf 69' lang='lat'>2,</span> <span class='ocrx_word' id='word_1_182' title='bbox 1011 1750 1212 1790; x_wconf 70' lang='lat'>21—922:</span> <span class='ocrx_word' id='word_1_183' title='bbox 1246 1747 1528 1802; x_wconf 90' lang='lat' dir='ltr'>«Opportuna</span> <span class='ocrx_word' id='word_1_184' title='bbox 1551 1763 1651 1791; x_wconf 90' lang='lat' dir='ltr'>mea</span> <span class='ocrx_word' id='word_1_185' title='bbox 1677 1752 1743 1792; x_wconf 82' lang='lat' dir='ltr'>est</span> 
     </span>
     <span class='ocr_line' id='line_1_21' title="bbox 247 1810 1740 1879; baseline 0 -11"><span class='ocrx_word' id='word_1_186' title='bbox 247 1827 420 1869; x_wconf 80' lang='lat' dir='ltr'>cunctis</span> <span class='ocrx_word' id='word_1_187' title='bbox 447 1828 609 1868; x_wconf 87' lang='lat' dir='ltr'>natura</span> <span class='ocrx_word' id='word_1_188' title='bbox 633 1824 785 1879; x_wconf 80' lang='lat' dir='ltr'>figuris</span> <span class='ocrx_word' id='word_1_189' title='bbox 804 1842 813 1867; x_wconf 93' lang='lat'>:</span> <span class='ocrx_word' id='word_1_190' title='bbox 841 1825 894 1866; x_wconf 93' lang='lat' dir='ltr'>In</span> <span class='ocrx_word' id='word_1_191' title='bbox 917 1810 1215 1879; x_wconf 80' lang='lat' dir='ltr'>quascumque</span> <span class='ocrx_word' id='word_1_192' title='bbox 1232 1826 1365 1876; x_wconf 83' lang='lat' dir='ltr'>voles,</span> <span class='ocrx_word' id='word_1_193' title='bbox 1386 1828 1531 1869; x_wconf 87' lang='lat' dir='ltr'>verte:</span> <span class='ocrx_word' id='word_1_194' title='bbox 1558 1825 1740 1868; x_wconf 79' lang='lat' dir='ltr'>decorus</span> 
     </span>
     <span class='ocr_line' id='line_1_22' title="bbox 250 1900 1738 1955; baseline -0.001 -11"><span class='ocrx_word' id='word_1_195' title='bbox 250 1916 351 1945; x_wconf 88' lang='lat' dir='ltr'><em>ero»</em></span> <span class='ocrx_word' id='word_1_196' title='bbox 386 1905 429 1944; x_wconf 88' lang='lat' dir='ltr'>et</span> <span class='ocrx_word' id='word_1_197' title='bbox 455 1901 530 1944; x_wconf 84' lang='lat' dir='ltr'>Ov.</span> <span class='ocrx_word' id='word_1_198' title='bbox 558 1900 662 1943; x_wconf 87' lang='lat' dir='ltr'>Met.</span> <span class='ocrx_word' id='word_1_199' title='bbox 693 1901 805 1943; x_wconf 87' lang='lat' dir='ltr'>XIV.</span> <span class='ocrx_word' id='word_1_200' title='bbox 833 1902 1098 1943; x_wconf 72' lang='lat'>684--6852</span> <span class='ocrx_word' id='word_1_201' title='bbox 1132 1901 1288 1951; x_wconf 90' lang='lat' dir='ltr'>«Adde,</span> <span class='ocrx_word' id='word_1_202' title='bbox 1320 1901 1437 1955; x_wconf 90' lang='lat' dir='ltr'>quod</span> <span class='ocrx_word' id='word_1_203' title='bbox 1463 1905 1529 1943; x_wconf 82' lang='lat' dir='ltr'>est</span> <span class='ocrx_word' id='word_1_204' title='bbox 1553 1902 1738 1952; x_wconf 84' lang='lat' dir='ltr'>iuvenis,</span> 
     </span>
     <span class='ocr_line' id='line_1_23' title="bbox 249 1976 1739 2033; baseline -0.001 -13"><span class='ocrx_word' id='word_1_205' title='bbox 249 1979 368 2033; x_wconf 88' lang='lat' dir='ltr'>quod</span> <span class='ocrx_word' id='word_1_206' title='bbox 395 1979 598 2020; x_wconf 84' lang='lat' dir='ltr'>naturale</span> <span class='ocrx_word' id='word_1_207' title='bbox 625 1978 798 2019; x_wconf 82' lang='lat' dir='ltr'>decoris</span> <span class='ocrx_word' id='word_1_208' title='bbox 826 1976 991 2019; x_wconf 81' lang='lat' dir='ltr'>Munus</span> <span class='ocrx_word' id='word_1_209' title='bbox 1031 1978 1163 2019; x_wconf 90' lang='lat' dir='ltr'>habet</span> <span class='ocrx_word' id='word_1_210' title='bbox 1203 1978 1454 2032; x_wconf 77' lang='lat' dir='ltr'>formaeque</span> <span class='ocrx_word' id='word_1_211' title='bbox 1480 1980 1579 2032; x_wconf 90' lang='lat' dir='ltr'>apte</span> <span class='ocrx_word' id='word_1_212' title='bbox 1604 1977 1739 2031; x_wconf 87' lang='lat' dir='ltr'>finge-</span> 
     </span>
     <span class='ocr_line' id='line_1_24' title="bbox 248 2056 626 2097; baseline -0.003 0"><span class='ocrx_word' id='word_1_213' title='bbox 248 2059 323 2097; x_wconf 88' lang='lat' dir='ltr'>tur</span> <span class='ocrx_word' id='word_1_214' title='bbox 348 2056 395 2096; x_wconf 94' lang='lat' dir='ltr'>in</span> <span class='ocrx_word' id='word_1_215' title='bbox 428 2069 626 2097; x_wconf 80' lang='lat' dir='ltr'>omnes».</span> 
     </span>
    </p>

    <p class='ocr_par' dir='ltr' id='par_1_5' title="bbox 247 2129 1739 2796">
     <span class='ocr_line' id='line_1_25' title="bbox 309 2129 1739 2185; baseline -0.001 -12"><span class='ocrx_word' id='word_1_216' title='bbox 309 2131 358 2173; x_wconf 88' lang='lat' dir='ltr'>V.</span> <span class='ocrx_word' id='word_1_217' title='bbox 393 2133 575 2173; x_wconf 76' lang='lat'>15—020.</span> <span class='ocrx_word' id='word_1_218' title='bbox 597 2131 715 2173; x_wconf 74' lang='lat' dir='ltr'>caris</span> <span class='ocrx_word' id='word_1_219' title='bbox 738 2163 747 2172; x_wconf 90' lang='lat'><strong>.</strong></span> <span class='ocrx_word' id='word_1_220' title='bbox 772 2164 781 2172; x_wconf 91' lang='lat'>.</span> <span class='ocrx_word' id='word_1_221' title='bbox 807 2163 816 2172; x_wconf 92' lang='lat'><strong>.</strong></span> <span class='ocrx_word' id='word_1_222' title='bbox 846 2130 984 2182; x_wconf 81' lang='lat' dir='ltr'>sucis,</span> <span class='ocrx_word' id='word_1_223' title='bbox 1003 2130 1210 2185; x_wconf 80' lang='lat' dir='ltr'>pretiosis</span> <span class='ocrx_word' id='word_1_224' title='bbox 1229 2145 1239 2179; x_wconf 83' lang='lat'><em>3</em></span> <span class='ocrx_word' id='word_1_225' title='bbox 1267 2130 1412 2183; x_wconf 88' lang='lat' dir='ltr'>agitur</span> <span class='ocrx_word' id='word_1_226' title='bbox 1429 2129 1548 2171; x_wconf 90' lang='lat' dir='ltr'>enim</span> <span class='ocrx_word' id='word_1_227' title='bbox 1566 2129 1618 2170; x_wconf 91' lang='lat' dir='ltr'>de</span> <span class='ocrx_word' id='word_1_228' title='bbox 1636 2142 1739 2172; x_wconf 80' lang='lat' dir='ltr'>suco</span> 
     </span>
     <span class='ocr_line' id='line_1_26' title="bbox 247 2206 1739 2264; baseline -0.001 -15"><span class='ocrx_word' id='word_1_229' title='bbox 247 2209 444 2250; x_wconf 84' lang='lat' dir='ltr'>muricis.</span> <span class='ocrx_word' id='word_1_230' title='bbox 473 2233 531 2236; x_wconf 86' lang='lat'><strong>—</strong></span> <span class='ocrx_word' id='word_1_231' title='bbox 556 2208 723 2250; x_wconf 69' lang='lat' dir='ltr'>vellera</span> <span class='ocrx_word' id='word_1_232' title='bbox 748 2241 757 2249; x_wconf 92' lang='lat'><strong>.</strong></span> <span class='ocrx_word' id='word_1_233' title='bbox 782 2241 791 2249; x_wconf 92' lang='lat'>.</span> <span class='ocrx_word' id='word_1_234' title='bbox 816 2241 826 2249; x_wconf 85' lang='lat'><strong>.</strong></span> <span class='ocrx_word' id='word_1_235' title='bbox 874 2208 940 2250; x_wconf 80' lang='lat' dir='ltr'>bis</span> <span class='ocrx_word' id='word_1_236' title='bbox 978 2207 1247 2264; x_wconf 78' lang='lat' dir='ltr'>madefacta,</span> <span class='ocrx_word' id='word_1_237' title='bbox 1292 2206 1494 2260; x_wconf 84' lang='lat' dir='ltr'>dibapha,</span> <span class='ocrx_word' id='word_1_238' title='bbox 1535 2207 1562 2247; x_wconf 90' lang='lat' dir='ltr'>i.</span> <span class='ocrx_word' id='word_1_239' title='bbox 1597 2219 1633 2248; x_wconf 92' lang='lat' dir='ltr'>e.</span> <span class='ocrx_word' id='word_1_240' title='bbox 1672 2206 1739 2248; x_wconf 83' lang='lat' dir='ltr'>bis</span> 
     </span>
     <span class='ocr_line' id='line_1_27' title="bbox 250 2282 1736 2338; baseline -0.001 -13"><span class='ocrx_word' id='word_1_241' title='bbox 250 2285 404 2334; x_wconf 84' lang='lat' dir='ltr'>tincta,</span> <span class='ocrx_word' id='word_1_242' title='bbox 452 2297 546 2338; x_wconf 85' lang='lat' dir='ltr'>quae</span> <span class='ocrx_word' id='word_1_243' title='bbox 586 2288 715 2325; x_wconf 86' lang='lat' dir='ltr'>erant</span> <span class='ocrx_word' id='word_1_244' title='bbox 755 2284 1108 2338; x_wconf 55' lang='lat' dir='ltr'>pretiosissimam</span> <span class='ocrx_word' id='word_1_245' title='bbox 1149 2285 1200 2325; x_wconf 86' lang='lat' dir='ltr'>cf.</span> <span class='ocrx_word' id='word_1_246' title='bbox 1241 2283 1348 2325; x_wconf 88' lang='lat' dir='ltr'><em>Hor.</em></span> <span class='ocrx_word' id='word_1_247' title='bbox 1392 2282 1532 2324; x_wconf 87' lang='lat' dir='ltr'>Carm.</span> <span class='ocrx_word' id='word_1_248' title='bbox 1571 2283 1626 2324; x_wconf 88' lang='lat' dir='ltr'>H.</span> <span class='ocrx_word' id='word_1_249' title='bbox 1673 2283 1736 2334; x_wconf 91' lang='grc'>16,</span> 
     </span>
     <span class='ocr_line' id='line_1_28' title="bbox 250 2359 1736 2413; baseline -0.001 -11"><span class='ocrx_word' id='word_1_250' title='bbox 250 2361 362 2402; x_wconf 76' lang='grc'>35-</span> <span class='ocrx_word' id='word_1_251' title='bbox 373 2361 425 2402; x_wconf 87' lang='grc'>37</span> <span class='ocrx_word' id='word_1_252' title='bbox 444 2377 453 2402; x_wconf 83' lang='grc'>;</span> <span class='ocrx_word' id='word_1_253' title='bbox 483 2362 549 2401; x_wconf 84' lang='lat' dir='ltr'>«te</span> <span class='ocrx_word' id='word_1_254' title='bbox 565 2360 632 2401; x_wconf 82' lang='lat' dir='ltr'>bis</span> <span class='ocrx_word' id='word_1_255' title='bbox 658 2360 762 2401; x_wconf 84' lang='lat' dir='ltr'>Afro</span> <span class='ocrx_word' id='word_1_256' title='bbox 778 2360 948 2402; x_wconf 82' lang='lat' dir='ltr'>Murice</span> <span class='ocrx_word' id='word_1_257' title='bbox 975 2361 1124 2402; x_wconf 87' lang='lat' dir='ltr'>tinctae</span> <span class='ocrx_word' id='word_1_258' title='bbox 1140 2360 1346 2402; x_wconf 80' lang='lat' dir='ltr'>Vestiunt</span> <span class='ocrx_word' id='word_1_259' title='bbox 1362 2360 1499 2400; x_wconf 82' lang='lat' dir='ltr'>lanae»</span> <span class='ocrx_word' id='word_1_260' title='bbox 1533 2361 1576 2400; x_wconf 89' lang='lat' dir='ltr'>et</span> <span class='ocrx_word' id='word_1_261' title='bbox 1599 2359 1736 2413; x_wconf 84' lang='lat' dir='ltr'>Epod.</span> 
     </span>
     <span class='ocr_line' id='line_1_29' title="bbox 255 2434 1735 2490; baseline -0.001 -12"><span class='ocrx_word' id='word_1_262' title='bbox 255 2439 321 2486; x_wconf 71' lang='lat'>12,</span> <span class='ocrx_word' id='word_1_263' title='bbox 366 2438 417 2478; x_wconf 68' lang='lat'>21</span> <span class='ocrx_word' id='word_1_264' title='bbox 439 2453 447 2479; x_wconf 94' lang='lat'><strong>:</strong></span> <span class='ocrx_word' id='word_1_265' title='bbox 496 2436 762 2478; x_wconf 82' lang='lat' dir='ltr'>«Muricibus</span> <span class='ocrx_word' id='word_1_266' title='bbox 801 2437 944 2490; x_wconf 81' lang='lat' dir='ltr'>Tyriis</span> <span class='ocrx_word' id='word_1_267' title='bbox 991 2438 1158 2478; x_wconf 73' lang='lat' dir='ltr'>iteratae</span> <span class='ocrx_word' id='word_1_268' title='bbox 1204 2437 1371 2478; x_wconf 88' lang='lat' dir='ltr'>vellera</span> <span class='ocrx_word' id='word_1_269' title='bbox 1413 2436 1550 2476; x_wconf 85' lang='lat' dir='ltr'>lanae»</span> <span class='ocrx_word' id='word_1_270' title='bbox 1573 2449 1585 2484; x_wconf 90' lang='lat'>;</span> <span class='ocrx_word' id='word_1_271' title='bbox 1625 2434 1735 2476; x_wconf 90' lang='lat' dir='ltr'>Plin.</span> 
     </span>
     <span class='ocr_line' id='line_1_30' title="bbox 250 2510 1737 2567; baseline -0.003 -12"><span class='ocrx_word' id='word_1_272' title='bbox 250 2513 301 2566; x_wconf 90' lang='lat' dir='ltr'>N.</span> <span class='ocrx_word' id='word_1_273' title='bbox 329 2512 385 2556; x_wconf 90' lang='lat' dir='ltr'>H.</span> <span class='ocrx_word' id='word_1_274' title='bbox 413 2514 487 2555; x_wconf 86' lang='lat' dir='ltr'>IX.</span> <span class='ocrx_word' id='word_1_275' title='bbox 521 2514 628 2555; x_wconf 78' lang='lat'><strong>137:</strong></span> <span class='ocrx_word' id='word_1_276' title='bbox 662 2514 832 2567; x_wconf 81' lang='lat' dir='ltr'>«Nepos</span> <span class='ocrx_word' id='word_1_277' title='bbox 860 2514 1103 2563; x_wconf 75' lang='lat' dir='ltr'>Cornelius,</span> <span class='ocrx_word' id='word_1_278' title='bbox 1135 2514 1210 2567; x_wconf 87' lang='lat' dir='ltr'>qui</span> <span class='ocrx_word' id='word_1_279' title='bbox 1236 2513 1325 2554; x_wconf 88' lang='lat' dir='ltr'>divi</span> <span class='ocrx_word' id='word_1_280' title='bbox 1365 2511 1552 2565; x_wconf 81' lang='lat' dir='ltr'>Augusti</span> <span class='ocrx_word' id='word_1_281' title='bbox 1575 2510 1737 2564; x_wconf 87' lang='lat' dir='ltr'>princi-</span> 
     </span>
     <span class='ocr_line' id='line_1_31' title="bbox 252 2586 1734 2644; baseline -0.003 -12"><span class='ocrx_word' id='word_1_282' title='bbox 252 2591 363 2644; x_wconf 87' lang='lat' dir='ltr'>patu</span> <span class='ocrx_word' id='word_1_283' title='bbox 402 2590 539 2632; x_wconf 87' lang='lat' dir='ltr'>obiit:</span> <span class='ocrx_word' id='word_1_284' title='bbox 579 2590 685 2639; x_wconf 91' lang='lat' dir='ltr'>«Me,</span> <span class='ocrx_word' id='word_1_285' title='bbox 719 2590 875 2643; x_wconf 88' lang='lat' dir='ltr'>inquit,</span> <span class='ocrx_word' id='word_1_286' title='bbox 916 2590 1076 2631; x_wconf 89' lang='lat' dir='ltr'>iuvene</span> <span class='ocrx_word' id='word_1_287' title='bbox 1102 2589 1299 2631; x_wconf 87' lang='lat' dir='ltr'>violacea</span> <span class='ocrx_word' id='word_1_288' title='bbox 1330 2600 1526 2642; x_wconf 84' lang='lat' dir='ltr'>purpura</span> <span class='ocrx_word' id='word_1_289' title='bbox 1549 2586 1734 2640; x_wconf 83' lang='lat' dir='ltr'>vigebat,</span> 
     </span>
     <span class='ocr_line' id='line_1_32' title="bbox 248 2663 1738 2716; baseline -0.001 -9"><span class='ocrx_word' id='word_1_290' title='bbox 248 2667 378 2708; x_wconf 81' lang='lat' dir='ltr'>cuius</span> <span class='ocrx_word' id='word_1_291' title='bbox 404 2666 517 2707; x_wconf 91' lang='lat' dir='ltr'>libra</span> <span class='ocrx_word' id='word_1_292' title='bbox 544 2665 736 2707; x_wconf 80' lang='lat' dir='ltr'>denariis</span> <span class='ocrx_word' id='word_1_293' title='bbox 774 2669 953 2708; x_wconf 86' lang='lat' dir='ltr'>centum</span> <span class='ocrx_word' id='word_1_294' title='bbox 978 2667 1167 2716; x_wconf 85' lang='lat' dir='ltr'>venibat,</span> <span class='ocrx_word' id='word_1_295' title='bbox 1208 2679 1290 2706; x_wconf 87' lang='lat' dir='ltr'>nec</span> <span class='ocrx_word' id='word_1_296' title='bbox 1314 2665 1455 2706; x_wconf 84' lang='lat' dir='ltr'>multo</span> <span class='ocrx_word' id='word_1_297' title='bbox 1479 2665 1582 2716; x_wconf 85' lang='lat' dir='ltr'>post</span> <span class='ocrx_word' id='word_1_298' title='bbox 1606 2663 1738 2705; x_wconf 88' lang='lat' dir='ltr'>rubra</span> 
     </span>
     <span class='ocr_line' id='line_1_33' title="bbox 250 2737 1737 2796; baseline -0.003 -12"><span class='ocrx_word' id='word_1_299' title='bbox 250 2742 503 2784; x_wconf 80' lang='lat' dir='ltr'>Tarentina.</span> <span class='ocrx_word' id='word_1_300' title='bbox 532 2741 647 2783; x_wconf 82' lang='lat' dir='ltr'>Huic</span> <span class='ocrx_word' id='word_1_301' title='bbox 682 2742 891 2783; x_wconf 76' lang='lat' dir='ltr'>successit</span> <span class='ocrx_word' id='word_1_302' title='bbox 918 2741 1114 2796; x_wconf 85' lang='lat' dir='ltr'>dibapha</span> <span class='ocrx_word' id='word_1_303' title='bbox 1139 2740 1278 2794; x_wconf 86' lang='lat' dir='ltr'>Tyria,</span> <span class='ocrx_word' id='word_1_304' title='bbox 1310 2752 1403 2794; x_wconf 89' lang='lat' dir='ltr'>quae</span> <span class='ocrx_word' id='word_1_305' title='bbox 1429 2738 1477 2779; x_wconf 86' lang='lat' dir='ltr'>in</span> <span class='ocrx_word' id='word_1_306' title='bbox 1502 2737 1637 2780; x_wconf 79' lang='lat' dir='ltr'>libras</span> <span class='ocrx_word' id='word_1_307' title='bbox 1664 2738 1737 2780; x_wconf 92' lang='lat' dir='ltr'>de-</span> 
     </span>
    </p>
   </div>
   <div class='ocr_carea' id='block_1_5' title="bbox 1898 0 1942 3132">
    <p class='ocr_par' dir='ltr' id='par_1_6' title="bbox 1898 0 1942 3132">
     <span class='ocr_line' id='line_1_34' title="bbox 1898 0 1942 3132; baseline 0 0"><span class='ocrx_word' id='word_1_308' title='bbox 1898 0 1942 3132; x_wconf 95' lang='lat' dir='ltr'> </span> 
     </span>
    </p>
   </div>
  </div>
 </body>
</html>
