1942 3132
758 232 976 264 nemus
995 233 1054 263 vr.
1406 274 1409 276 q
1588 220 1659 256 329

162 350 302 394 rinthi
326 363 494 394 nomen
518 351 771 394 retinuisse.
799 350 882 394 Cui
907 350 1151 406 suspicioni
1176 352 1305 401 favet,
1338 352 1456 407 quod
1493 366 1660 395 nomen

116 410 123 419 ⁶
163 426 348 471 Cornuti
373 429 530 483 quovis
555 441 709 471 versus
733 428 832 471 loco
857 430 1008 484 potest
1030 441 1111 483 pro
1137 429 1321 471 nomine
1347 428 1449 472 ficto
1486 431 1656 484 reponi.

219 504 437 549 Praetersa
463 498 510 548 in
535 507 565 550 L
592 506 650 550 II.
676 507 785 561 eleg.
813 507 868 557 2„
895 506 972 549 ubi
993 506 1195 549 Tibullus
1216 520 1332 548 novo
1354 508 1529 552 marito,
1554 507 1657 550 Cor-

163 584 291 637 nuto,
315 583 514 626 natalem
545 584 695 639 agenti
731 584 992 638 gratulatur,
1031 587 1166 638 poeta
1202 583 1363 627 alludit
1400 584 1455 626 ad
1494 585 1659 639 elegias

162 671 266 701 suas
299 659 353 702 de
391 673 542 703 amore
580 659 785 716 Sulpiciae
823 664 868 704 et
904 659 1106 704 Cerinthi
1142 660 1230 711 (IV.
1271 662 1418 711 02—6.)
1456 663 1657 716 scriptas.

161 735 363 779 Tibullus
389 738 509 780 enim
535 738 628 781 hoec
653 737 761 780 dicit
785 738 838 781 de
865 737 1065 793 Sulpicia
1088 738 1160 781 IV.
1190 739 1229 788 2,
1261 739 1459 781 15—20:

321 861 418 902 Sola
446 861 675 912 puellarum
702 860 828 911 digna
855 863 929 908 est,
944 862 1025 901 <cui
1051 861 1196 901 mollia
1223 862 1329 901 caris

374 933 536 973 Vellera
563 932 633 973 det
660 933 768 972 sucis
794 932 859 972 bis
886 932 1116 973 madefacta
1142 933 1283 985 Tyros,

321 1003 627 1056 Possideatque,
655 1005 779 1043 metit
805 1003 1005 1055 quidquid
1031 1004 1136 1051 bene
1165 1005 1371 1052 olentibus
1395 1006 1508 1045 arvis

377 1075 519 1115 Cultor
547 1075 726 1114 odoratae
754 1074 867 1114 dives
895 1075 1027 1115 Arabs
1056 1076 1204 1125 segetis

320 1145 374 1185 Et
404 1159 680 1198 quascumque
708 1149 831 1197 niger
857 1149 984 1187 rubro
1013 1151 1064 1189 de
1093 1149 1212 1188 litore
1239 1161 1427 1198 yemmas

375 1218 599 1258 Proximus
626 1219 710 1258 eois
738 1219 895 1270 colligit
924 1220 1059 1259 Indus
1085 1222 1218 1272 aquis.

162 1344 336 1388 Laudat
361 1345 498 1399 igitur
535 1343 792 1400 Sulpiciam,
831 1345 1028 1400 puellam
1067 1346 1250 1390 divitem
1288 1350 1331 1389 et
1368 1346 1660 1396 luxuriosam,

160 1422 287 1465 cuius
306 1422 630 1477 pulchritudini
657 1423 810 1465 omnia
830 1423 962 1465 luxus
982 1437 1147 1478 genera
1167 1424 1360 1466 maxime
1377 1425 1659 1467 conveniant.

159 1499 225 1542 De
251 1499 447 1543 Cornuto
474 1503 626 1543 autem
651 1500 759 1542 dicit
783 1500 839 1543 IL
868 1502 908 1550 2,
941 1502 1138 1544 11—16:

321 1624 523 1674 Auguror,
552 1624 692 1663 uxoris
720 1623 825 1664 fidos
855 1624 1017 1675 optabis
1046 1637 1231 1664 amores:

375 1695 466 1734 Iam
492 1707 587 1733 reor
614 1695 694 1734 hoc
720 1696 834 1744 ipsos
863 1694 1080 1734 edidicisse
1109 1695 1219 1734 deos.

321 1766 405 1805 Nec
433 1764 509 1804 tibi
538 1766 745 1811 malueris,
774 1767 907 1805 totum
937 1778 1203 1816 quaecumque
1231 1778 1305 1816 per
1332 1766 1472 1805 orbem

375 1836 512 1876 Fortis
540 1837 631 1875 arat
657 1835 794 1875 valido
822 1837 999 1875 rusticus
1028 1849 1126 1875 arva
1154 1836 1268 1883 bove,

322 1907 406 1947 Nec
435 1906 523 1953 tibi,
550 1919 817 1957 yemmarum
843 1903 1054 1958 Quidquid
1082 1908 1273 1958 felicibus
1301 1907 1419 1947 Indis

378 1978 580 2025 Nascitur,
611 1980 675 2018 eoi
702 1991 787 2029 qua
817 1980 949 2018 maris
976 1981 1096 2018 unda
1126 1979 1255 2018 rubet.

161 2104 259 2148 Hoc
284 2105 383 2147 loco
409 2109 543 2159 pocta
568 2105 748 2160 respicit
772 2104 844 2146 IV.
869 2106 907 2154 2,
935 2105 1121 2147 19--v20.
1150 2103 1331 2158 vultque
1357 2103 1529 2146 dicere:
1557 2102 1661 2145 Cor-

164 2184 326 2225 nutum
366 2195 459 2224 non
500 2182 668 2224 divitiis
707 2182 984 2236 gemmisque
1025 2180 1231 2236 Sulpiciae
1271 2180 1478 2223 delectari
1518 2194 1662 2235 neque

163 2259 404 2314 quidquam
429 2262 590 2313 praeter
613 2258 752 2301 fidum
777 2259 874 2300 eius
901 2271 1098 2300 amorem
1125 2260 1290 2313 optare.

222 2336 277 2378 In
300 2336 328 2378 1.
357 2335 427 2378 Ν.
459 2336 567 2391 eleg.
596 2338 636 2379 5.
664 2336 775 2378 talia
805 2322 944 2378 verba'
974 2335 1130 2377 tribuit
1168 2333 1374 2389 Sulpiciae
1412 2333 1482 2376 die
1521 2334 1660 2375 natali

163 2412 365 2456 Corinthi
390 2413 610 2456 Venerem
637 2411 841 2455 adoranti
865 2413 967 2465 (vss.
999 2413 1227 2463 13—16.):

324 2513 407 2552 Nec
435 2514 480 2552 tu
508 2513 564 2552 sis
590 2513 758 2558 iniusta,
788 2512 951 2552 Venus:
981 2512 1046 2551 vel
1074 2513 1227 2552 serviat
1255 2525 1369 2563 aeque

379 2585 554 2625 Vinctus
581 2586 752 2636 uterque
779 2583 868 2631 tibi,
899 2585 964 2623 vel
991 2596 1085 2623 mea
1110 2584 1246 2623 vincla
1274 2584 1375 2623 leva.

325 2655 406 2696 Sed
434 2656 572 2706 potius
598 2655 737 2695 valida
763 2657 980 2695 teneamur
1006 2657 1177 2705 uterque
1205 2657 1363 2701 catena,

378 2727 500 2766 Nulla
528 2728 652 2777 queat
678 2727 852 2777 posthac
879 2739 956 2766 nos
985 2726 1156 2765 soluisse
1186 2725 1286 2765 dies.
