1942 3132
287 221 356 254 246
844 235 899 263 AD
920 235 967 263 11.
991 233 1024 272 4,
1049 232 1214 263 31—34.

288 351 414 405 Prop.
434 351 512 393 III.
536 352 601 400 13,
621 352 750 401 4-9‚
769 352 844 393 ubi
863 352 1008 405 agitur
1024 351 1077 392 de
1096 351 1281 392 avariiaia
1296 351 1546 404 puellarum
1563 366 1572 392 ε
1606 350 1772 391 «Luxu-

288 429 363 469 riae
390 428 580 469 nimium
605 428 744 470 libera
781 430 896 471 facia
921 430 993 471 via
1031 430 1109 469 est.
1149 427 1259 469 Inda
1298 428 1415 470 cavis
1454 440 1612 469 aurum
1637 427 1774 469 mittat

289 505 473 546 formica
498 505 692 547 metallis
729 505 785 547 Et
809 506 932 548 venii,
965 519 987 547 e
1012 505 1147 547 rubro
1174 505 1343 546 concha
1368 505 1559 558 Erycina
1585 505 1692 554 salo,
1719 504 1775 545 Et

289 580 424 633 Tyros
452 582 644 622 ostrinos
670 581 836 634 praebet
857 580 1047 623 Cadmea
1064 581 1234 621 colores
1257 611 1266 620 .
1291 611 1300 620 .
1327 612 1336 621 .
1363 579 1468 621 Haec
1496 580 1630 622 e‘fiiam
1656 581 1773 622 clau-

290 670 360 698 sas
387 660 640 711 expugnant
667 671 790 699 arma
814 657 1040 711 pudicas».
1067 681 1126 685 —
1152 656 1423 711 quicumque
1450 657 1554 713 ἱερὴ
1578 656 1772 700 virides·-

289 746 373 789 quc
399 733 671 789 smarassclos
699 733 756 777 Et
779 769 786 777 .
814 769 821 776 .
847 768 856 776 .
892 734 1039 789 tingit,
1063 734 1299 787 intellege;
1328 734 1592 788 quicumque
1616 735 1658 774 et
1672 734 1774 775 viri-

288 810 365 852 des
405 811 662 865 smaragdos
700 811 810 865 legit
849 816 891 852 et
929 825 1056 852 ovem
1094 811 1260 852 murice
1300 811 1446 864 tingit.
1484 834 1543 839 —
1568 810 1703 866 leyit.
1729 844 1737 853 .
1765 843 1774 852 .

288 886 573 944 ὃνηαναράοὸ,
617 889 670 930 cf.
698 888 798 930 adn.
840 902 972 942 supra
1012 888 1068 929 ad
1103 887 1175 928 IV.
1216 889 1253 937 92,
1299 888 1496 929 19—20:
1542 886 1696 928 «rubro
1723 886 1776 928 de

288 964 418 1005 litore
444 977 642 1017 gemmas
667 997 676 1006 .
701 997 710 1005 .
735 997 744 1006 .
774 965 943 1018 colligit
968 964 1130 1006 Indus»
1159 965 1411 1006 —m'veam
1446 961 1580 1017 Tyrio
1606 962 1776 1006 mum'cc

289 1040 419 1097 unqu
447 1052 588 1094 ovem,
612 1041 759 1082 lanam
799 1054 996 1095 purpura
1007 1055 1017 1090 ;
1046 1041 1097 1081 cf.
1131 1039 1268 1093 Lygd.
1309 1041 1346 1089 3,
1391 1040 1467 1080 18:
1514 1039 1775 1092 «Tinctaque

290 1115 472 1159 Sidonio
498 1118 664 1158 murice
696 1118 823 1159 lana»
873 1120 916 1158 ei:
954 1116 1031 1159 Ov.
1073 1117 1122 1158 A.
1162 1117 1210 1158 A.
1253 1117 1331 1158 III.
1375 1117 1485 1158 170:
1531 1115 1644 1157 «Nec
1681 1129 1775 1169 quae

289 1194 341 1235 de
368 1194 496 1247 Tyrio
522 1194 700 1244 murice,
740 1194 860 1243 lana,
900 1193 1074 1235 rubes».
1103 1218 1161 1221 —
1187 1191 1288 1244 Hic,
1329 1206 1385 1234 sc.
1420 1192 1495 1246 qui
1522 1193 1776 1246 smaragdos

287 1270 396 1324 legit
421 1272 464 1311 et
488 1270 638 1311 lanam
675 1270 840 1311 murice
869 1269 1014 1322 tingit.
1041 1294 1099 1297 —
1125 1267 1204 1311 dat
1234 1266 1443 1311 avaritiae
1468 1280 1649 1317 causas,
1679 1268 1775 1309 irri-

287 1348 496 1396 tamenta,
526 1346 800 1387 nuirimen‘oa
826 1346 1022 1388 avariiziae
1038 1360 1048 1394 ;
1076 1347 1128 1386 cf.
1157 1344 1233 1387 Ov.
1261 1346 1355 1386 Am.
1384 1345 1440 1386 II.
1472 1346 1536 1395 17,
1569 1346 1647 1386 34:
1681 1346 1776 1386 «In-

289 1424 420 1476 genio
447 1435 600 1463 causas
627 1425 675 1463 tu
701 1422 826 1464 dabis
854 1436 943 1463 una
969 1436 1092 1463 meo»
1126 1425 1168 1463 ei]
1192 1422 1311 1463 Fast.
1330 1422 1402 1464 IV.
1431 1422 1511 1464 96:
1546 1423 1653 1463 «Illa
1670 1423 1777 1464 satis

290 1513 443 1541 causas
470 1499 784 1552 arboribusque
812 1498 972 1540 dedit».
1001 1524 1059 1527 —
1088 1496 1210 1541 Coa.
1241 1532 1249 1540 .
1274 1531 1283 1540 .
1317 1499 1467 1551 vestis,
1493 1500 1629 1541 vestis
1654 1499 1775 1540 bom-

290 1577 446 1629 bycina
471 1576 618 1617 tenuis
647 1578 689 1616 et
713 1575 997 1625 translucida,
1016 1577 1135 1616 texta
1160 1576 1208 1616 in
1234 1576 1382 1617 insula
1405 1575 1494 1618 Coa
1507 1591 1518 1626 ;
1546 1576 1778 1630 gerebatur

290 1668 315 1695 a
340 1653 655 1694 meressricibus
685 1652 748 1694 Cf.
775 1653 892 1693 infra
918 1653 973 1693 Π.
1004 1653 1041 1701 3,
1061 1653 1260 1694 53—54:
1295 1654 1462 1694 «vestes
1479 1654 1648 1702 ffienues,
1670 1665 1777 1706 quas

290 1732 455 1772 femina
481 1729 569 1772 Coa
594 1730 771 1771 Texuit»
793 1744 803 1778 ;
830 1729 942 1770 Plin.
972 1729 1021 1770 N.
1050 1728 1107 1770 H.
1134 1727 1210 1770 XI.
1239 1730 1318 1770 76:
1354 1729 1488 1770 «telas
1516 1742 1778 1770 araneorum

289 1809 420 1850 modo
447 1809 602 1849 texum,
627 1806 681 1848 ad
706 1809 875 1849 vestem
900 1806 1143 1859 luxumque
1170 1805 1447 1854 feminarum,
1477 1819 1571 1858 quae
1597 1804 1777 1858 bomby-

291 1886 390 1926 cina
415 1884 677 1938 appellatur.
703 1882 850 1923 Prima
873 1895 946 1924 eas
964 1880 1178 1923 redordiri
1194 1894 1431 1934 rursusque
1445 1883 1590 1922 texere
1608 1881 1780 1923 invenit

290 1962 337 2003 in
363 1961 452 2003 Coo
478 1961 639 2002 mulier
664 1959 906 2012 Pamphile,
934 1958 1069 1999 Platae
1107 1957 1210 2006 filia,
1251 1971 1343 1999 non
1370 1958 1613 1999 fraudanda
1637 1958 1778 2011 gloria

292 2038 542 2091 excogitatae
569 2036 768 2085 rationis,
796 2038 846 2076 ut
872 2034 1070 2076 denudet
1096 2034 1284 2076 feminas
1310 2035 1470 2076 vestis»
1491 2049 1501 2083 3
1527 2034 1656 2087 Prop.
1683 2034 1716 2075 I.
1736 2035 1775 2079 2.

291 2116 330 2156 92.
359 2114 410 2155 de
438 2113 651 2167 Cynthia:
685 2115 865 2154 «tenues
892 2111 982 2153 Coa
1006 2113 1128 2153 veste
1154 2124 1331 2152 movere
1349 2110 1498 2152 sinus»
1522 2125 1532 2159 ;
1560 2110 1667 2152 Hor.
1687 2108 1776 2152 Sat.

290 2191 321 2231 Ι.
352 2192 390 2239 92,
422 2190 665 2232 101—1092.
705 2188 757 2229 de
783 2187 1036 2229 meretrice:
1082 2186 1207 2229 «Cois
1244 2187 1326 2228 iaibi
1363 2201 1488 2240 paene
1524 2186 1672 2228 videre
1712 2189 1778 2228 est

292 2268 349 2309 U‘n
374 2266 581 2307 nudam».
609 2290 667 2293 ——
692 2277 713 2306 e
738 2263 879 2306 rubro
907 2261 1058 2306 lucida
1083 2261 1254 2305 concha
1279 2263 1411 2313 mari,
1432 2263 1672 2316 margarita
1685 2277 1696 2311 ;
1723 2263 1776 2305 cf.

291 2342 426 2396 Lygd.
446 2343 483 2391 3,
501 2343 574 2383 17:
597 2340 788 2391 «Quidve
806 2340 853 2381 in
869 2340 1097 2393 Erythraeo
1115 2340 1278 2393 legitur
1300 2353 1393 2393 quae
1410 2338 1540 2380 litore
1555 2339 1745 2380 concha»
1765 2353 1776 2388 ;

292 2420 417 2472 Prop.
444 2419 522 2459 ΠΙ.
554 2419 617 2467 13,
649 2418 698 2458 6:
733 2417 810 2458 «Et
835 2417 957 2458 venit
984 2430 1006 2458 e
1034 2417 1164 2457 rubro
1204 2416 1373 2457 concha
1409 2415 1600 2468 Erycina
1626 2415 1742 2456 salo»
1763 2429 1773 2464 ;

293 2495 369 2538 Ov.
396 2497 443 2537 A.
470 2495 519 2536 A.
547 2495 624 2535 ΙΙΙ.
656 2495 759 2536 124:
794 2494 1035 2547 «Lec'oaque
1062 2492 1233 2535 diverso
1261 2493 1392 2533 litore
1419 2491 1587 2532 concha
1611 2491 1775 2532 venii».

292 2599 349 2602 —
373 2572 512 2615 rubro
539 2602 548 2611 .
572 2606 579 2613 .
606 2604 614 2612 .
643 2570 778 2619 mari,
807 2572 860 2611 cf.
888 2570 989 2611 adn.
1020 2583 1152 2623 supra
1179 2569 1232 2610 ad
1257 2569 1329 2610 IV.
1359 2570 1396 2618 Ξ,
1430 2569 1506 2609 19:
1541 2567 1695 2608 «rubro
1723 2566 1775 2607 de

291 2651 464 2691 litore».

351 2714 401 2766 V.
430 2724 614 2766 31-34.
645 2721 747 2764 hinc
778 2722 944 2765 clavim
985 2722 1128 2765 ianua
1169 2721 1322 2771 sensit,
1366 2722 1593 2774 coeperunt
1616 2719 1775 2773 puellae
