1942 3132
522 710 1021 767 DETESTATIO
1059 710 1327 766 BELLI.

729 881 820 922 Lib.
848 882 882 922 1.
910 882 1025 932 eleg.
1057 883 1121 923 10.

226 1027 605 1073 Introductio.
629 1027 698 1070 Ad
733 1026 904 1068 bellum
942 1027 1225 1080 profecturus
1264 1026 1511 1069 detestatur
1553 1042 1683 1070 enses

168 1109 215 1150 et
250 1106 409 1161 proelia
448 1105 718 1159 causamque
755 1103 992 1154 bellorum,
1033 1104 1295 1154 avaritiam3
1335 1104 1491 1146 laudat
1528 1107 1686 1148 contra

170 1197 318 1228 aureae
358 1183 503 1226 aetatis
540 1182 827 1224 securitatem
853 1182 1045 1234 (1—14).
1074 1181 1285 1225 Precatur
1309 1181 1449 1224 Lares
1477 1195 1594 1231 suos,
1635 1186 1686 1225 ut-

168 1261 260 1304 tela
285 1261 486 1306 hostium
503 1261 708 1303 avertant
725 1259 869 1313 iisque
895 1272 978 1313 pro
995 1259 1116 1301 felici
1133 1259 1280 1301 reditu
1297 1261 1402 1302 vota
1428 1260 1535 1302 facit
1550 1262 1686 1313 (15—

171 1339 256 1390 32).
276 1338 476 1382 Insanos
501 1337 610 1379 dicit
635 1350 725 1387 eos,
754 1337 832 1391 qui
855 1337 1047 1378 mortem
1074 1337 1346 1379 horrendam
1370 1337 1502 1379 bellis
1520 1338 1685 1380 accele-

170 1418 271 1463 rent
297 1428 432 1469 seque
456 1427 595 1468 parvo
621 1416 885 1456 contentum
910 1427 1014 1455 cum
1039 1426 1175 1455 uxore
1202 1415 1247 1455 et
1271 1414 1393 1456 natis
1420 1427 1521 1456 rure
1537 1414 1686 1456 vivere

171 1491 321 1547 ibique
348 1504 665 1534 consenescere
690 1490 827 1533 malle
866 1489 1060 1532 affirmat
1085 1491 1308 1543 (33—44).
1338 1488 1551 1545 Sequitur
1587 1491 1687 1533 laus

169 1567 312 1612 Pacis.
353 1568 468 1610 Nam
508 1581 617 1622 pace
655 1567 926 1622 agricultura
962 1567 1096 1621 viget,
1135 1566 1240 1608 laeta-
1275 1568 1548 1610 rusticorum
1575 1569 1690 1618 festa

172 1646 457 1688 celebrantur
480 1646 702 1698 (45—52).
743 1645 844 1687 Non
881 1645 1054 1690 Martis.
1095 1644 1174 1687 sed
1199 1645 1388 1688 Veneris
1425 1646 1544 1688 bella
1581 1649 1689 1688 tunc

175 1725 391 1776 geruntur
416 1723 638 1775 (53—66).
677 1722 731 1764 In
768 1721 885 1764 fine:
924 1722 1150 1764 invocatio
1190 1721 1282 1763 deae
1308 1721 1436 1763 Pacis
1463 1701 1686 1775 (67-68).

237 1798 424 1853 Scripsit
463 1801 597 1852 poeta
637 1798 829 1852 elegiam
870 1797 1173 1840 verisimiliter
1211 1812 1248 1840 a.
1295 1798 1363 1840 31.
1406 1812 1442 1840 a.
1484 1798 1583 1841 Chr.
1627 1813 1686 1849 n.,

177 1877 438 1931 priusquam
482 1875 538 1917 ad
577 1875 747 1917 bellum
787 1874 1105 1930 Aquitanicum
1152 1875 1551 1929 proficisceretur.⁴¹‘
1592 1876 1691 1918 Hoc

176 1953 377 1996 carmine
415 1964 583 1994 novam
619 1951 868 2006 ingreditur
891 1953 1038 1994 viam:
1079 1952 1243 1994 reiecta
1282 1953 1403 1994 enim
1429 1953 1690 1995 Alexandri-

180 2025 343 2073 norum
381 2028 646 2078 imitatione,
688 2041 822 2083 quam
865 2029 1016 2082 elegiae
1053 2028 1263 2071 Maratho
1303 2034 1485 2073 sacratae
1522 2044 1614 2085 prae
1643 2045 1691 2074 se

178 2108 341 2166 ferunt,
370 2106 617 2160 spretisque
644 2105 842 2146 lasciviis
868 2118 976 2147 suus
1002 2118 1099 2147 esse
1131 2105 1291 2160 incipit
1317 2105 1691 2163 dulcissimosque

180 2197 341 2227 sensus
369 2182 611 2225 amatorios
636 2182 831 2224 iucunde
856 2182 1015 2224 miscet
1038 2182 1171 2224 laude
1184 2182 1285 2224 vitae
1311 2184 1501 2234 rusticae,
1529 2185 1579 2227 in
1605 2198 1693 2239 qua

180 2260 368 2315 Vergilii
394 2260 582 2314 Eclogas
609 2263 651 2301 et
679 2258 897 2314 Georgica
934 2262 1038 2302 ante
1077 2261 1230 2302 oculos
1263 2261 1418 2307 habet.
1447 2262 1574 2304 Talia
1599 2276 1692 2306 car-

180 2337 1349 2387 minasunt2L10;1.3,1,5‚2,6;1.7;1L1.
1539 2380 1542 2383 Α

242 2415 292 2459 V.
324 2415 451 2458 1—6.
474 2413 688 2470 protulit,
718 2414 904 2465 invenit,
930 2417 980 2457 ut
1005 2413 1093 2457 Cic.
1122 2415 1254 2458 Acad.
1282 2415 1339 2459 IL
1374 2418 1408 2466 l,
1441 2418 1493 2460 2:
1526 2421 1692 2460 «artem

180 2493 422 2543 memoriae,
451 2505 546 2547 quae
572 2494 669 2533 tum
707 2492 903 2546 primum
940 2493 1274 2547 proferebatur»
1283 2508 1294 2544 ;
1320 2494 1430 2537 Hor.
1456 2495 1506 2538 Α.
1535 2495 1580 2538 Ρ.
1609 2497 1692 2538 58:

189 2582 333 2613 «nova
379 2583 528 2612 rerum
573 2569 768 2611 Nomina
810 2570 1093 2624 protulerit-3
1140 2570 1271 2626 Pmp.
1311 2570 1367 2614 H.
1409 2573 1448 2621 6,
1490 2572 1693 2614 31-—322

248 2735 269 2757 *
297 2734 352 2772 Cf.
378 2734 480 2774 infra
505 2735 666 2769 Excurs.
690 2733 744 2771 Π.
798 2759 801 2765 .

1505 2806 1549 2839 7*
