1942 3132
770 251 828 279 An
848 250 879 279 1.
902 248 939 286 4,
964 249 1107 279 7—14.
1649 236 1695 272 69

182 365 446 412 Caniculam
473 369 624 413 rimae.
650 366 938 411 Siticulosam
955 367 1234 409 sustinemus
1257 372 1458 410 aestatem
1473 372 1493 410 Σ)
1519 369 1694 419 Parum,

188 445 308 500 quod
333 445 450 488 imos
475 445 703 501 perfluunt
726 445 853 487 sinus
875 444 1054 495 imbres,
1084 444 1139 486 Et
1165 444 1214 486 in
1241 445 1430 498 capillos
1456 446 1698 499 grandines

188 523 358 565 cadunt
383 526 563 566 nostros
599 523 816 578 Rigetque
855 522 965 564 duro
999 522 1137 564 barba
1162 523 1314 564 vincta
1340 523 1576 576 crystallo»
1595 528 1615 565 i>
1640 549 1698 554 —

185 599 419 657 producis,
451 601 506 642 ad
531 614 736 643 normam
762 600 1007 642 locutionis
1032 599 1198 645 ducere
1220 603 1399 654 tempus
1418 613 1534 655 saepe
1551 601 1697 655 iungi·

185 679 260 719 tur
285 691 387 721 cum
425 677 697 728 nominibus,
726 677 887 732 quibus
914 678 1033 719 inest
1066 678 1283 732 temporis
1320 679 1463 729 notio,
1490 681 1541 720 ut
1566 678 1695 733 Prop.

186 755 221 798 L
253 756 291 804 3,
322 756 403 797 39;
437 754 498 797 «0
524 756 700 798 utinam
713 754 826 798 tales
851 754 1086 809 producas,
1109 755 1325 810 improbe.
1355 758 1551 798 noctes.»
1583 754 1698 798 Con-

182 833 295 875 'ferri
322 836 515 887 possunt
541 833 659 887 apud
684 832 910 875 Tibullum
937 833 1088 887 ipsum
1114 833 1147 875 I.
1178 835 1218 878 9.
1248 834 1299 874 61
1321 850 1331 875 :
1365 833 1698 885 «conviviadu-

188 923 288 952 cere
327 909 527 952 Baccho»
573 915 615 952 et
651 910 707 953 H.
750 911 790 953 3.
816 912 902 954 47:
941 911 1022 952 «At
1047 911 1161 952 mihi
1194 911 1298 953 laeta
1323 911 1510 952 trahant
1537 909 1699 953 Samiae

187 987 394 1029 convivia
420 990 587 1030 testae».
614 1011 672 1017 ——
698 987 846 1031 aestivi
885 986 1039 1033 Canis.
1081 987 1298 1030 Canicula
1336 987 1427 1030 sive
1461 986 1617 1038 Sirius,
1647 987 1699 1031 de

190 1077 278 1118 quo
306 1064 418 1107 Plin.
449 1065 499 1107 N.
526 1065 584 1108 H.
611 1065 670 1107 II.
702 1067 811 1109 1⁶28:
844 1067 1196 1109 «Ardentissimo
1223 1069 1376 1108 autem
1402 1065 1571 1107 aestatis
1588 1069 1699 1107 tem-

186 1154 296 1196 pore
327 1142 524 1184 exoritur
548 1141 773 1186 Caniculae
812 1143 937 1185 sidus
976 1144 1070 1186 sole
1108 1143 1304 1198 primam
1341 1145 1517 1197 partem
1555 1143 1701 1185 leonis

188 1218 484 1272 ingrediente.
513 1220 589 1274 qui
615 1219 710 1262 dies
739 1220 835 1262 XV.
865 1225 969 1263 ante
998 1221 1108 1275 Aug.
1138 1219 1369 1263 Kalendas
1403 1223 1510 1262 est.»
1551 1218 1701 1262 Graece

186 1297 298 1338 κύων
326 1294 541 1351 ὀπωρινὸς.
570 1299 621 1339 ut
644 1298 694 1339 in
721 1298 1121 1353 epigrammatibus
1139 1300 1293 1340 incert.
1319 1301 1434 1340 auct.
1453 1297 1587 1340 Anth.
1608 1297 1699 1339 Pal.

188 1371 243 1415 X.
276 1374 344 1423 12,
374 1374 413 1415 7.
442 1376 486 1415 et
510 1373 645 1416 Anth.
680 1373 807 1417 Plan.
848 1376 947 1426 ⁶227,
991 1377 1030 1418 7.
1059 1374 1287 1417 Tibullum
1325 1375 1532 1416 imitatur
1563 1374 1698 1429 Lygd„

188 1451 232 1499 5,
260 1452 312 1492 ⁹2:
348 1449 505 1492 «Unda
530 1450 613 1491 sub
639 1451 844 1493 aestivum
871 1465 964 1494 non
1004 1451 1210 1494 adeunda
1247 1450 1461 1494 Canem».
1495 1476 1553 1480 —-
1583 1454 1700 1495 tem—

182 1524 308 1583 pora
334 1526 457 1570 sicca
484 1526 643 1578 Canis,
671 1529 724 1571 cf.
754 1529 884 1584 Prop.
911 1529 968 1572 H.
998 1531 1068 1580 028,
1096 1531 1151 1573 4:
1184 1529 1375 1583 «Incipit
1402 1531 1446 1571 et
1472 1529 1590 1571 sicco
1617 1531 1702 1572 fer-

187 1617 293 1646 vere
319 1608 440 1647 terra
465 1604 625 1648 Cane.»

249 1680 298 1723 v.
342 1683 419 1724 7—
433 1681 474 1724 8.
517 1679 694 1725 Bacchi
718 1674 729 1725 ¹.
756 1718 764 1725 .
795 1717 804 1725 .
840 1682 1013 1739 proles,
1052 1683 1106 1726 cf.
1150 1683 1279 1726 Diod
1324 1682 1408 1727 Sic.
1451 1683 1524 1725 lv.
1566 1685 1605 1733 6,
1651 1686 1669 1726 1
1693 1701 1702 1726 ;

192 1759 497 1815 μυθολογοῦσιν
524 1756 594 1802 οὖν
611 1758 652 1802 οἱ
676 1761 848 1803 παλαιοὶ
864 1764 933 1803 τὸν
950 1760 1137 1817 Πρίαπον
1153 1759 1241 1803 υἱὸν
1268 1764 1342 1818 μὲν
1369 1758 1477 1803 εἶναι
1502 1760 1703 1803 Διονύσου

189 1837 264 1878 καὶ
291 1834 550 1894 Ἀφροδίτης.
577 1862 633 1866 —-
660 1837 837 1881 rustica
874 1838 1040 1893 proles,
1080 1841 1147 1880 est
1187 1838 1307 1880 em‘m
1342 1838 1452 1879 deus
1490 1839 1619 1887 ruris,
1654 1842 1704 1880 ut

192 1912 336 1955 Carm.
365 1912 511 1967 Priap.
544 1915 612 1964 14,
641 1915 693 1957 7:
726 1915 867 1956 «ruris
894 1915 1107 1956 numina»
1158 1918 1201 1956 et
1228 1915 1300 1965 80,
1328 1916 1381 1957 9;
1415 1915 1604 1956 «rustice
1630 1928 1705 1956 cu·
1748 1952 1752 1956 .

193 1992 330 2032 stosn.
360 2014 417 2019 —
444 1988 668 2033 Armatus
693 2003 834 2033 curva
856 2024 866 2033 .
892 2025 901 2033 .
928 2025 938 2033 .
961 1990 1093 2047 falce,
1122 1994 1172 2033 ut
1198 1992 1343 2033 elucet
1359 1992 1496 2033 etiam
1523 2005 1575 2033 ex
1599 1992 1632 2033 Ι.
1666 1993 1702 2041 1,

198 2068 308 2109 17—
319 2067 398 2109 18:
431 2067 746 2121 «Pomosisque
764 2068 898 2110 ruber
913 2071 1065 2110 custos
1081 2071 1277 2123 ponatur
1291 2069 1339 2110 in
1354 2069 1509 2117 hortis,
1526 2068 1705 2111 Terreat

193 2148 246 2186 ut
272 2157 387 2186 saeva
415 2144 526 2186 falce
560 2143 747 2198 Priapus
775 2158 918 2187 aves.»
1544 2142 1547 2143 ⁷

174 2238 177 2241 ·
252 2221 302 2263 V.
334 2222 494 2263 9-14.
524 2223 659 2278 [αρε.
684 2254 694 2263 .
720 2254 730 2263 .
772 2221 965 2274 credere,
1005 2236 1110 2265 cave
1149 2223 1317 2272 credas,
1345 2228 1394 2266 ut
1420 2223 1528 2266 Hor.
1558 2223 1702 2267 Carm.

195 2298 230 2341 1.
261 2300 301 2345 9.
338 2300 415 2340 13:
450 2298 592 2350 «Quid
619 2299 675 2340 sit
704 2300 905 2341 futurum
930 2313 1041 2346 cras.
1076 2301 1179 2355 fuge
1206 2314 1444 2355 quaerere».
1477 2326 1531 2331 -
1560 2304 1599 2345 te
1621 2334 1631 2343 .
1656 2334 1666 2343 .
1691 2335 1701 2344 .

197 2375 379 2420 credere
405 2375 563 2427 turbae,
592 2389 795 2418 securum
820 2375 941 2419 adire
967 2377 1146 2420 turbam
1171 2379 1484 2433 periculosam.
1514 2403 1569 2408 —
1597 2391 1704 2423 cau-

196 2465 301 2497 sam
327 2453 437 2495 iusti
458 2486 468 2494 .
494 2486 503 2494 .
529 2485 539 2494 .
585 2453 761 2496 amoris
803 2453 981 2504 habent,
1025 2455 1146 2498 inest
1182 2456 1240 2499 iis
1278 2456 1397 2498 iusta
1437 2469 1584 2505 causa,
1627 2470 1706 2498 cur

197 2533 415 2572 amentur.
442 2554 501 2559 —
530 2528 618 2572 Hic
649 2530 815 2585 placet,
855 2532 1068 2589 anqustis
1094 2531 1219 2589 quod
1260 2546 1429 2590 equum
1466 2534 1707 2589 compescit

198 2605 406 2655 habenis,
443 2605 532 2650 Hic
568 2605 807 2662 placidam
844 2609 973 2652 niveo
1005 2612 1189 2665 pectore
1208 2609 1342 2666 pellit
1373 2623 1563 2667 aquam,
1588 2611 1704 2664 cogi-

198 2683 388 2726 tandum
429 2684 484 2726 de
525 2697 684 2739 campo
724 2683 900 2736 Martio,
943 2686 1020 2728 ubi
1059 2687 1244 2729 iuvenes
1285 2687 1478 2730 Romani
1520 2700 1706 2741 corpora

196 2761 480 2812 exercebant,
523 2763 566 2803 et
604 2761 657 2803 de
695 2761 855 2812 Tiberi,
880 2762 958 2805 ubi
985 2763 1185 2807 natando
1212 2765 1470 2814 ccrtabant;
1508 2765 1559 2805 cf.
1594 2763 1702 2804 Hor.
