1942 3132
776 259 834 289 AD
855 258 886 288 1.
909 255 942 295 8,
967 255 1112 286 9—12.
1654 241 1703 278 83

189 377 333 422 Garm.
374 377 452 420 HL
495 378 565 426 ⁶26,
610 377 809 420 11—12:
853 374 1062 430 «Regina,
1107 374 1291 416 sublimi
1333 373 1510 428 flagello
1551 373 1700 428 Tange

188 455 363 499 Chloen
394 454 535 497 semel
575 454 903 508 arrogantem».
932 451 1095 494 Tibulli
1138 451 1287 494 locum
1327 452 1521 505 respexit
1560 451 1698 506 Lygd.

191 535 234 581 4.
275 533 478 575 65—66:
517 530 695 575 «Saevus
732 530 872 573 Amor
908 527 1062 571 docuit
1098 528 1272 570 validos
1317 530 1537 583 temptare
1578 529 1699 572 labo-

188 624 270 661 res,
312 609 464 652 Saevus
502 609 640 651 Amor
678 606 829 650 docuit
864 606 1050 648 verbera.
1083 619 1218 661 posse
1255 607 1393 661 pati».
1434 631 1492 635 ——
1531 605 1701 649 Desine

187 685 516 731 dissimulare:
565 683 680 728 deus
729 680 964 727 crudelius
1014 682 1123 733 urit,
1181 681 1307 734 Quos
1357 680 1478 725 videt
1533 682 1699 724 inlitos

188 762 488 806 succubuisse
524 760 628 814 sibi,
667 760 828 802 similis
867 759 1093 801 sententia
1133 758 1253 813 apud
1289 758 1420 813 Prop.
1460 758 1492 800 Ι,
1540 759 1580 807 9,
1617 758 1699 800 34:

192 839 387 885 «Dicere.
416 852 504 892 quo
530 851 700 892 pereas,
742 850 859 891 saepe
892 837 940 878 in
979 849 1131 878 amore
1157 836 1323 877 iuvat».
1352 860 1410 864 —
1436 834 1566 885 deus,
1590 847 1700 888 pro:

189 915 285 961 dea.
329 915 477 969 agitur
518 914 639 957 enim
679 913 734 955 de
759 913 958 964 Venere;
1000 913 1053 954 cf.
1095 911 1196 954 adn.
1236 912 1357 954 infra
1396 911 1451 953 ad
1482 911 1515 952 I.
1546 912 1586 961 2,
1616 911 1698 952 88:

192 992 369 1034 «deus».
807 988 812 993 ’

244 1069 293 1110 V.
324 1070 484 1110 9—12.
519 1067 680 1111 molles
706 1101 715 1109 .
744 1099 756 1110 .
783 1102 791 1109 .
822 1067 1017 1110 coluisse
1055 1065 1266 1122 capillos,
1305 1065 1411 1120 quia
1450 1064 1695 1112 Marathus,

184 1160 296 1201 puer
321 1146 552 1196 delicatus,
580 1145 769 1199 capillos
797 1144 946 1187 alebat
982 1146 1217 1198 totumque
1243 1156 1405 1197 corpus
1431 1141 1699 1184 muliebrem

183 1223 234 1266 in
258 1223 442 1265 modum
469 1222 670 1265 ornabat.
698 1247 757 1251 -—
784 1220 1019 1278 Saepeque
1058 1223 1264 1265 mutatas
1303 1219 1584 1276 disposuisse
1617 1231 1694 1262 co-

184 1314 304 1352 mas,
337 1302 363 1343 i.
394 1315 429 1343 e.
460 1314 575 1355 saepe
612 1303 788 1342 mutare
828 1300 1029 1354 positum
1069 1299 1351 1353 capillorum,
1394 1298 1523 1340 aliter
1564 1300 1697 1351 atque

184 1379 317 1421 aliter
354 1379 500 1419 crines
538 1377 790 1431 disponere.
832 1390 909 1419 eos
948 1376 1100 1431 positu
1137 1376 1337 1426 variare;
1379 1375 1431 1416 cf.
1462 1374 1538 1416 Ov.
1566 1374 1616 1416 A.
1644 1374 1694 1416 A.

184 1456 218 1498 I.
249 1457 361 1498 306:
395 1454 535 1506 «Quid
577 1455 744 1497 totiens
784 1454 957 1509 positas
997 1453 1143 1507 fingis,
1187 1453 1355 1507 inepta,
1398 1454 1605 1494 comas?»
1654 1454 1698 1494 et

182 1519 298 1575 Med.
328 1534 408 1574 fac.
444 1534 522 1575 19:
554 1531 725 1573 «Vultis
752 1531 964 1574 odoratos
999 1531 1152 1585 positu
1176 1530 1351 1572 variare
1378 1529 1609 1584 capillos».
1638 1553 1695 1558 —-

182 1609 467 1666 disposuisse
509 1621 680 1661 comas,
721 1609 902 1663 proprie
943 1608 1106 1650 dicitur
1137 1607 1190 1650 de
1228 1608 1379 1662 positu
1412 1606 1694 1660 capillorum,

182 1690 234 1729 ut
258 1688 374 1729 infra
399 1687 432 1729 Ι.
462 1689 502 1735 9,
533 1688 614 1729 67:
647 1686 795 1728 «Tune
833 1688 966 1740 putas
1004 1685 1130 1727 illam
1168 1698 1249 1739 pro
1275 1687 1320 1726 te
1347 1684 1586 1738 disponere
1613 1684 1694 1725 cri-

181 1770 349 1814 nest'»;
377 1765 430 1806 of.
459 1763 536 1806 Ov.
565 1764 663 1806 Am.
688 1763 724 1805 Ι.
760 1764 826 1814 14,
855 1765 938 1805 35:
971 1762 1112 1814 «Quid
1150 1762 1268 1804 male
1307 1760 1552 1815 dispositos
1590 1774 1694 1814 que-

182 1842 294 1883 reris
319 1842 507 1894 periisse
533 1841 777 1895 capillos‘2»
809 1843 853 1881 et
878 1839 942 1881 Ex
978 1839 1105 1881 Pont,
1134 1839 1211 1880 III.
1243 1840 1283 1888 3,
1316 1839 1394 1880 16:
1427 1838 1542 1878 «Nec
1580 1837 1694 1878 bene

184 1916 427 1971 dispositas
473 1919 692 1970 comptus.
735 1919 786 1957 ut
825 1919 942 1963 ante,
982 1928 1176 1956 comas».
1205 1912 1395 1969 —fuco
1432 1911 1695 1968 splendente

181 2007 323 2051 genas
350 2006 531 2042 ornare,
558 1998 608 2035 ut
635 1993 871 2042 mulieres;
910 1991 1095 2034 modum
1135 1990 1223 2032 fuci
1262 1990 1366 2031 talis
1406 1988 1597 2031 faciendi
1622 2002 1694 2031 co-

182 2072 307 2127 piose
345 2071 557 2113 describit
588 2069 665 2112 Ov.
694 2069 810 2112 Med.
853 2071 934 2111 fac.
964 2070 1033 2112 51.
1063 2082 1155 2123 sqq.
1185 2071 1229 2110 et
1255 2067 1403 2109 addit:
1436 2066 1693 2119 «Quaecum-

182 2162 266 2204 que
293 2148 457 2190 afficiet
483 2148 563 2190 tali
590 2146 888 2189 medicamine
904 2147 1093 2194 vultum,
1112 2145 1321 2199 Fulgebit
1346 2145 1527 2199 speculo
1554 2144 1695 2188 levior

182 2220 281 2281 ipsa
319 2239 444 2267 suo».
480 2250 538 2254 —-
576 2236 755 2281 unques
793 2222 999 2286 Artificis
1037 2222 1173 2267 docta
1210 2223 1493 2266 subsecuisse
1533 2235 1690 2273 manu,

181 2304 390 2346 homines
408 2302 708 2353 elegantiores
724 2300 877 2343 Romae
894 2314 1068 2355 ungues
1084 2301 1428 2356 diligentissime
1445 2286 1690 2350 curabant;

181 2381 233 2423 cf.
262 2380 369 2422 Hor.
399 2379 478 2433 Ep.
508 2379 539 2420 Ι.
575 2380 609 2426 1,
646 2379 889 2420 104-105.
919 2377 976 2420 ad
1000 2377 1318 2421 Maecenatem:
1352 2380 1422 2421 «et
1445 2391 1580 2433 prave
1598 2391 1689 2420 sec-

181 2459 278 2499 tum
305 2456 601 2499 stomacheris
628 2455 684 2497 ob
709 2468 907 2509 unguem
933 2454 1000 2498 De
1017 2458 1060 2497 te
1077 2454 1328 2510 pendentis,
1347 2458 1390 2497 te
1408 2455 1691 2510 respicientis

182 2535 356 2577 amici».
385 2558 443 2564 —
471 2532 687 2589 Artificis
724 2533 919 2575 tonsoris
957 2533 1191 2575 cuiusdam
1232 2533 1341 2575 artis
1382 2546 1473 2575 suae
1514 2533 1690 2587 peritis-

181 2612 296 2654 simi.
324 2636 383 2641 —
408 2610 712 2663 subsecuisse,
737 2623 855 2652 non:
893 2609 1157 2659 desecuisse,
1187 2611 1292 2665 quia
1328 2623 1420 2652 non
1459 2611 1582 2651 totus
1607 2622 1686 2649 un-

179 2690 292 2744 guis,
321 2688 399 2732 sed
424 2691 602 2730 tantum
627 2700 731 2742 pars
758 2687 855 2728 eius
878 2686 1136 2737 desecatur;
1163 2688 1216 2729 cs.
1246 2685 1323 2729 Ov.
1343 2685 1462 2728 Fast.
1482 2685 1553 2727 VI.
1576 2686 1687 2726 230:

186 2765 309 2808 aNon
333 2778 508 2820 ungues
536 2765 652 2806 ferro
679 2762 958 2806 subsecuisse
982 2763 1129 2806 licet».

1497 2844 1541 2875 ὅ,
