1942 3132
810 259 842 288 1.
865 256 902 288 9.

223 379 443 422 Detrahet
469 381 512 420 et·
536 378 684 420 ventis
710 375 894 419 horrida
920 376 1036 418 faeta
1063 388 1217 423 coma;

139 458 330 501 ‘Uretur
355 456 506 506 facies,
532 458 724 498 urentur
749 453 843 497 sole
869 453 1036 509 capilli,

223 534 406 577 Deteret
432 532 656 576 invalidos
683 535 726 574 et
750 533 824 574 via
850 531 988 585 longa
1011 530 1164 585 pedes.

163 611 388 654 Admonui
417 611 652 667 quotiens:
684 610 828 652 «Auro
854 621 911 650 ne
937 607 1091 662 pollue
1118 607 1339 650 formam:

225 688 350 743 Saepe
378 688 527 731 solent
553 700 660 730 auro
686 686 832 728 multa
857 685 1041 727 subesse
1066 685 1197 727 mala.

162 766 344 809 Divitiis
370 769 528 820 captus
555 764 593 807 si
619 763 719 819 quis
743 762 930 806 violavit
956 775 1168 811 amorem,

224 845 480 899 Asperaque
507 845 574 885 est
598 841 668 884 illi
694 839 978 895 difficilisque
1005 840 1172 882 Venus.

165 923 254 966 Ure
280 934 433 964 meum
457 921 610 976 potius
636 918 821 961 flamma
845 921 980 972 eaput
1007 920 1052 959 et
1076 919 1179 972 pete
1206 917 1322 958 ferro

226 999 397 1054 Corpus
424 1002 468 1041 et
494 998 663 1041 intorto
687 996 870 1039 verbere
896 998 1022 1050 terga
1049 1008 1163 1037 seca.

164 1077 255 1118 Neo
280 1076 363 1118 tibi
389 1074 565 1118 celandi
591 1087 693 1129 spes
721 1075 778 1115 sit
803 1087 985 1128 peceare
1012 1073 1218 1127 paranti:

225 1154 306 1196 Est
331 1153 453 1203 deus,
482 1152 681 1195 occultos
707 1152 784 1207 qui
807 1154 931 1194 vetat
957 1163 1054 1193 esse
1082 1150 1222 1192 dolos,

166 1232 268 1286 Ipse
295 1231 403 1273 deus
429 1230 565 1274 tacito
590 1229 810 1284 permisit,
837 1229 961 1278 laeve,
988 1228 1213 1275 ministro,

223 1308 386 1351 Ederet
410 1310 461 1351 ut
485 1309 629 1350 multo
654 1307 796 1349 libera
821 1306 957 1349 verba
981 1319 1133 1348 mero:

166 1387 267 1442 Ipse
295 1386 404 1429 deus
431 1399 589 1429 somno
617 1385 812 1428 domitos
839 1385 1044 1427 emittere
1070 1396 1225 1426 vocem

225 1464 361 1506 Iussit
389 1466 434 1506 et
458 1463 631 1506 invitos
651 1464 770 1504 faeta
795 1461 989 1516 tegenda
1013 1461 1178 1516 loqui.»

162 1541 271 1602 Haec
299 1554 380 1594 ego
407 1540 636 1583 dicebam:
662 1553 784 1582 nunc
807 1553 881 1582 me
907 1538 1084 1581 flevisse
1110 1538 1386 1592 loquentem,

160 1643 163 1645 >
225 1618 354 1660 Nune
379 1618 518 1672 pudet
544 1618 600 1660 ad
625 1620 805 1660 teneros
830 1616 1122 1672 procubuIsse
1149 1615 1298 1670 pedes.

165 1695 288 1738 Tunc
312 1695 426 1738 mihi
453 1694 632 1736 iurabas
658 1695 786 1737 nullo
811 1698 855 1736 te
883 1694 1035 1736 divitis
1063 1694 1157 1735 auri

225 1772 438 1821 Pondere,
466 1786 561 1815 non
587 1772 776 1825 gemmis
797 1771 994 1814 'vendere
1019 1771 1135 1813 velle
1160 1770 1310 1819 fidem,

166 1850 268 1892 Non
293 1850 375 1891 tibi
404 1850 441 1892 si
467 1850 663 1903 pretium
689 1849 938 1903 Campania
963 1852 1082 1890 terra
1108 1848 1302 1893 daretur,

230 1926 331 1968 Non
356 1926 438 1968 tibi
466 1926 506 1967 si
532 1925 697 1967 Bacchi
723 1938 831 1967 eura
855 1925 1075 1966 Falernus
1103 1938 1224 1978 ager..

167 2004 265 2046 Illis
292 2004 489 2058 eriperes
512 2002 661 2045 verbis
686 2002 796 2043 mihi
826 2001 972 2044 sidera
997 2001 1092 2043 caeli

227 2081 398 2122 Lucere
425 2082 470 2122 et
494 2079 664 2122 rubras<
680 2078 883 2120 fulminis
908 2091 1007 2120 esse
1031 2078 1142 2120 vias.

169 2157 287 2210 Quin
316 2158 451 2200 etiam
477 2155 643 2198 flebas:
670 2158 717 2198 at
740 2169 835 2198 non
862 2169 942 2210 ego
971 2155 1123 2197 fallere
1149 2155 1307 2197 doetus

227 2235 470 2289 Tergebam
497 2236 704 2276 umentes
730 2233 936 2276 credulus
962 2246 1103 2288 usque
1129 2246 1279 2287 genas.

169 2302 286 2365 Quid
313 2313 488 2361 faciam,
518 2311 607 2353 nisi
634 2313 679 2353 et
703 2311 800 2365 ipse
827 2311 946 2354 fores
973 2311 1020 2352 in
1047 2323 1197 2352 amore
1223 2309 1421 2364 puellae?

230 2388 316 2432 Sed
343 2403 500 2445 precor
525 2388 728 2443 exemplo
755 2389 814 2430 sit
838 2389 952 2431 levis
980 2387 1058 2430 illa
1083 2390 1174 2430 tuo.

169 2466 205 2510 Ο
233 2469 454 2522 quotiens,
484 2466 630 2508 verbis
656 2479 714 2509 ne
739 2467 975 2521 quisquam
1001 2467 1207 2509 conscius
1235 2469 1364 2515 esset,

229 2545 332 2599 Ipse
359 2558 509 2588 eomes
535 2543 677 2585 multa
702 2542 876 2585 lumina
900 2546 1031 2586 noete
1057 2543 1166 2585 tuli!

172 2620 296 2676 Saepe
322 2619 575 2675 insperanti
600 2619 725 2661 venit
749 2617 831 2661 tibi
855 2632 1042 2661 munere
1064 2623 1219 2662 nostro

229 2698 286 2740 Et
311 2698 444 2740 latuit
471 2698 646 2738 clausas
670 2699 775 2751 post
800 2696 1015 2751 adoperta
1041 2698 1172 2739 fores.

170 2781 281 2824 Tum
306 2782 445 2824 miser
471 2780 637 2830 interii,
666 2778 801 2822 stulte
827 2778 1022 2823 oonfisus
1049 2780 1216 2822 amari:

1574 242 1617 277 15

1652 471 1688 495 15

1652 858 1690 882 ΞΟ

1652 1634 1691 1657 80

1653 2021 1692 2044 85

1654 2409 1693 2433 ⁴0

1653 2795 1690 2819 ⁴6
