1942 3132
266 204 339 239 284
827 223 883 252 AD
904 223 951 252 Π.
976 221 1008 260 5,
1033 221 1198 252 63—70.

265 335 374 378 Hor.
419 336 560 379 Carm.
605 351 698 379 saec.
743 340 810 381 37.
855 353 972 394 sqq.:
1004 339 1183 393 &Roma
1224 339 1263 382 si
1300 342 1496 382 vestrum
1538 343 1604 383 est
1643 354 1754 396 opus

267 412 447 467 Iliaeque
474 414 601 456 Litus
626 414 861 457 Etruscum
899 418 1081 458 tenuere
1107 420 1277 467 turmae,
1304 417 1431 459 Iussa
1455 431 1558 471 pars
1582 421 1755 460 mutare

267 489 403 532 Lares
446 493 488 532 et
528 491 681 533 urbem
729 492 902 547 Sospite
950 507 1091 542 cursu,
1137 493 1218 535 Cui
1262 507 1341 548 per
1385 494 1613 536 ardentem
1659 495 1754 536 sine

266 567 420 609 fraude
463 568 636 610 Troiam
679 569 836 612 Castus
876 570 1048 612 Aeneas
1088 571 1242 624 patriae
1284 573 1506 624 superstes
1546 572 1755 614 Liberum

268 643 460 685 munivit
483 645 579 693 iter,
609 645 791 688 daturus
816 647 948 688 Plura
972 647 1178 688 relictis».

328 720 376 762 V.
421 723 608 765 63—66.
652 735 808 766 sacras
844 725 1041 767 imzoaeia
1081 723 1239 766 laurus
1273 722 1453 779 Vescar,
1488 727 1611 767 vates
1649 726 1757 767 folia

266 797 384 838 lauri
408 798 618 852 Apolloni
645 814 776 842 sacrae
802 801 1130 842 manducabant
1155 801 1372 843 excitandi
1411 802 1573 843 furoris
1599 815 1754 852 causa;
1790 816 1792 818 ’

267 875 320 916 cf.
349 875 521 917 Gallim.
549 877 699 929 hymn.
727 877 776 917 in
801 877 897 919 Del.
926 879 1006 919 94:
1033 876 1140 919 Ἀλλ’
1169 877 1299 935 ἔμπης
1340 877 1443 933 ἐρέω
1470 894 1506 920 τι
1531 881 1755 934 τορώτερον

266 949 294 1007 ἢ
322 949 396 993 ὑπὸ
424 952 581 1010 δάφνης
602 957 643 995 et
660 953 875 1007 Lycophr.
897 956 936 997 6.
955 955 1008 996 de
1025 956 1224 997 vatibus:
1253 955 1513 1013 δαφνηφάγοι
1528 956 1682 1012 λαιμοί.
1697 980 1756 984 -

267 1028 478 1082 innooeia,
503 1030 576 1080 ita,
605 1033 655 1072 ut
680 1032 804 1072 furor
828 1032 940 1072 mihi
979 1045 1071 1073 non
1108 1035 1292 1083 noceat;
1321 1046 1456 1074 sensu
1493 1033 1682 1087 passivo,
1706 1034 1756 1073 ut

264 1104 428 1148 Lucan.
448 1106 521 1148 IX.
542 1108 626 1149 892
644 1124 652 1149 :
677 1121 807 1161 «gens
825 1122 849 1149 a
867 1121 981 1150 saevo
1009 1111 1263 1162 serpentum
1288 1109 1472 1150 innoxia
1487 1123 1680 1151 morsu».
1697 1133 1755 1137 ——

274 1180 452 1236 Vescar,
498 1197 596 1224 cum
643 1184 917 1234 accusativo;
961 1185 1103 1226 rarior
1142 1198 1263 1226 usus.
1304 1209 1362 1212 —-
1400 1187 1635 1238 aeternum,
1674 1199 1754 1239 pro

265 1259 568 1304 substantivo:
595 1263 808 1302 aeternum
846 1262 1013 1303 bonum
1029 1277 1039 1312 ;
1066 1263 1117 1303 cf.
1149 1261 1223 1304 Ov.
1251 1263 1347 1305 Am.
1374 1264 1407 1305 Ι.
1437 1265 1475 1312 9,
1504 1265 1556 1305 4:
1590 1263 1755 1316 «Turpe

265 1349 401 1377 senex
424 1337 565 1387 miles,
593 1340 721 1392 turpe
749 1338 902 1380 senilis
928 1352 1095 1380 amor».
1113 1339 1443 1395 —virqinitas,
1467 1339 1518 1381 de
1543 1342 1757 1393 perpetua

268 1411 445 1466 Sibyllae
483 1413 737 1467 virginitate
776 1416 828 1455 cf.
859 1414 933 1457 Ov.
962 1414 1065 1456 Met.
1093 1415 1204 1457 XIV.
1238 1417 1334 1458 130.
1362 1430 1453 1470 sqq.
1487 1419 1530 1457 et
1565 1415 1755 1457 Pseudo-

266 1489 398 1530 Arist.
439 1489 595 1530 Mirab.
636 1492 718 1532 95:
750 1492 834 1546 (τὴν
877 1490 1094 1546 Σιβύλλαν)
1120 1492 1497 1549 πολυχρονιωτάτην
1537 1495 1755 1549 γενομένην

266 1567 472 1618 πάρθενον
512 1566 718 1623 διαμεῖναί
745 1581 882 1623 φασιν.
909 1593 967 1595 -
994 1569 1032 1610 te
1072 1567 1174 1619 sibi,
1201 1566 1390 1621 Phoebe,
1426 1569 1613 1621 vocavit,
1639 1570 1756 1610 inter

266 1641 502 1684 dicendum
518 1644 857 1685 vaticinantium
883 1657 1005 1686 more
1033 1645 1194 1698 saepius
1211 1645 1425 1687 Phoebum
1450 1646 1682 1687 invocavit.
1698 1671 1757 1675 —-

265 1717 458 1763 lactavit
495 1719 625 1775 fusas
666 1723 705 1763 et
743 1723 878 1776 caput
916 1723 1019 1764 ante
1057 1733 1225 1774 comas,
1257 1735 1406 1763 comas
1444 1722 1686 1764 diffundere
1713 1725 1757 1764 et

265 1795 429 1837 iactare
468 1797 672 1839 solebant
708 1798 1025 1848 vaticinantes3
1065 1799 1116 1840 cf.
1157 1799 1283 1852 Verg.
1309 1799 1415 1841 Aen.
1454 1799 1526 1841 VI.
1565 1801 1753 1842 46—48.

268 1873 321 1914 de
351 1872 519 1927 Sibylla
546 1873 770 1917 Cumana:
805 1876 898 1916 «cui
924 1876 1032 1917 talia
1057 1876 1169 1917 fanti
1194 1876 1307 1917 Ante
1333 1876 1449 1917 sores
1488 1877 1632 1918 subito
1665 1889 1756 1918 non

266 1951 427 1999 vultus,
456 1964 549 1992 non
574 1951 695 1992 color
719 1964 848 2000 unus,
876 1952 975 1993 Non
992 1955 1176 2005 comptae
1198 1966 1400 1994 mansere
1418 1966 1576 1993 comae»
1608 1955 1652 1994 et
1678 1951 1752 1994 Ov.

266 2027 370 2068 Her.
413 2029 451 2077 5,
485 2029 579 2070 114.
622 2028 674 2069 de
714 2027 983 2070 Cassandra:
1018 2027 1112 2070 «Sic
1154 2029 1263 2070 mihi
1306 2028 1477 2070 diffusis
1517 2029 1756 2070 vaticinata

266 2106 447 2146 comis».
476 2130 533 2132 ——
558 2105 700 2161 fusae,
729 2106 861 2159 iunge
888 2119 988 2146 eum
1015 2107 1150 2160 caput
1175 2108 1280 2148 ante
1305 2106 1332 2148 i.
1353 2119 1387 2148 e.
1409 2107 1511 2147 ante
1536 2107 1755 2154 frontem;

266 2184 362 2222 erat
402 2182 521 2222 enim
562 2195 659 2223 mos
701 2183 995 2223 fanaticorum
1034 2196 1182 2224 comas
1225 2183 1454 2224 demittere
1492 2183 1566 2234 ita,
1608 2186 1659 2224 ut
1695 2196 1755 2224 eae

267 2258 511 2298 secundum
551 2258 677 2311 Apul.
721 2257 824 2299 Met.
867 2259 942 2300 IX.
988 2260 1067 2301 30:
1112 2259 1432 2301 «anteventulae
1474 2261 1756 2312 contegerent

268 2334 467 2390 facierum
496 2335 547 2375 cf.
577 2335 711 2376 etiam
739 2334 887 2386 Quint.
915 2336 1022 2377 Inst.
1053 2335 1122 2377 Or.
1143 2336 1217 2377 XI.
1239 2338 1275 2386 3,
1307 2337 1387 2378 71:
1413 2337 1597 2377 «iactare
1624 2337 1756 2389 caput

266 2412 311 2450 et
337 2424 484 2451 comas
512 2411 803 2452 excutientem
829 2414 974 2452 rotare
1001 2412 1244 2453 fanaticum
1271 2416 1378 2454 est».
1672 2459 1677 2468 ¹

326 2486 374 2528 V.
405 2488 590 2528 67—70.
641 2486 874 2542 Quidquid
912 2490 1005 2538 etc.,
1049 2502 1149 2530 cum
1189 2490 1338 2544 plures
1381 2489 1544 2530 fuerint
1577 2488 1752 2542 Sibyllae

266 2563 525 2615 (secundum
550 2562 792 2604 Varronem
821 2564 938 2617 apud
963 2565 1162 2607 Lactant.
1189 2565 1286 2607 Div.
1312 2565 1420 2607 Inst.
1447 2566 1480 2607 I.
1509 2567 1547 2608 6.
1575 2564 1751 2614 decem),

266 2643 398 2693 poeta
445 2639 525 2680 hoc
571 2639 668 2681 loco
715 2642 874 2693 praeter
921 2639 1134 2694 Sibyllam
1176 2641 1421 2683 Cumanam
1468 2642 1603 2683 etiam
1644 2641 1753 2682 alias

268 2714 458 2769 Sibyllas
510 2717 771 2770 oraculaque
822 2730 972 2758 earum
1024 2722 1351 2760 commemorat.
1405 2718 1614 2760 Omnium
1664 2718 1753 2758 fere
