1942 3132
827 650 1111 748 mm.

947 917 981 960 Ι.

279 1013 408 1055 Ibitis
433 1012 615 1065 Aegaeas
641 1010 738 1052 sine
764 1022 850 1059 me,
876 1007 1103 1057 Messalla,
1131 1021 1212 1062 per
1237 1007 1394 1052 undas.
1713 1006 1742 1040 Ι-
1762 1006 1796 1041 3.

338 1089 375 1133 O
401 1091 577 1133 utinam
602 1100 823 1131 memores
848 1087 946 1141 ipse
972 1086 1220 1140 cohorsque
1246 1085 1363 1133 mei;

276 1167 351 1210 Me
377 1170 501 1210 tenet
525 1165 691 1221 ignotis
718 1177 884 1218 aegrum
910 1163 1114 1204 Phaeacia.
1138 1162 1296 1204 terris:

339 1244 576 1286 Abstineas
602 1241 757 1284 avidas
780 1239 905 1282 Mors
930 1238 1064 1282 modo
1091 1239 1220 1292 nigra
1246 1251 1420 1280 manus.

280 1322 529 1371 Abstineas,
556 1319 679 1362 Mors
706 1323 814 1368 atra,
843 1331 1023 1373 precor:
1051 1330 1142 1359 non
1170 1316 1242 1358 hic
1267 1316 1379 1358 mihi
1408 1318 1562 1365 mater,
1778 1336 1795 1359 ⁵

342 1399 449 1451 Quae
474 1399 594 1453 legat
619 1397 667 1439 in
693 1399 875 1439 maestos
901 1409 1004 1438 ossa
1028 1397 1212 1450 perusta
1238 1394 1375 1436 sinus.

280 1477 381 1520 Non
409 1489 546 1526 soror,
573 1475 778 1529 Assyrios
803 1474 942 1516 cineri
969 1487 1067 1528 quae
1093 1472 1249 1514 reddat
1274 1472 1433 1514 odores

337 1553 395 1596 Et
419 1552 525 1595 fleat
549 1551 699 1594 effusis
727 1554 829 1594 ante
859 1550 1064 1605 sepulcra
1089 1550 1241 1592 comis.

281 1630 412 1673 Delia
438 1643 530 1672 non
555 1642 759 1684 usquam,
788 1641 884 1683 quae
910 1640 981 1670 me
1008 1640 1109 1669 cum
1135 1626 1333 1668 mitteret
1361 1625 1482 1675 urbe,

336 1706 511 1748 Dicitur
535 1708 639 1748 ante
667 1718 824 1747 omnes
850 1704 1129 1747 consuluisse
1156 1703 1276 1745 deos.
1758 1722 1796 1747 ιο

278 1783 364 1825 Illa
391 1795 538 1825 sacras
564 1782 689 1837 pueri
718 1784 860 1824 sortes
886 1786 954 1822 ter
979 1781 1174 1829 sustulit,
1203 1779 1269 1821 illi

340 1859 529 1901 Rettulit
554 1872 576 1900 e
603 1858 746 1900 triv-iis
772 1858 926 1900 omnia
952 1860 1072 1898 certa
1097 1871 1218 1910 puer,

281 1936 452 1979 Cuncta
477 1936 643 1979 dabant
668 1935 862 1977 reditus:
894 1939 1048 1976 tamen
1076 1936 1143 1976 est
1168 1933 1377 1975 deterrita
1403 1945 1662 1987 numquam,

341 2013 459 2073 Quin
485 2011 613 2054 fleret
637 2014 814 2054 nostras
839 2010 1162 2065 despueretque
1187 2011 1295 2052 vias.

283 2091 382 2146 Ipse
410 2103 490 2143 ego
518 2090 696 2138 solator,
724 2102 825 2131 cum
852 2088 942 2130 iam
968 2087 1182 2130 mandata
1207 2087 1442 2137 dedissem,
1759 2109 1794 2132 15

342 2166 603 2221 Quaerebam
628 2166 778 2208 tardas
805 2165 963 2207 anxius
987 2178 1127 2220 usque
1153 2178 1315 2207 moras.

239 2271 243 2276 ·
281 2246 371 2288 Aut
396 2258 477 2299 ego
505 2257 603 2286 sum
629 2246 839 2285 causatus
865 2257 980 2293 aves,
1008 2242 1117 2285 dant
1143 2244 1297 2285 omina
1322 2242 1430 2292 dira,

342 2322 577 2364 Saturnive
604 2333 776 2362 sacram
802 2334 873 2362 me
899 2321 1098 2362 tenuisse
1125 2319 1256 2362 diem.

283 2397 319 2441 O
346 2399 553 2454 quotiens
581 2398 807 2451 ingressus
832 2397 918 2440 iter
942 2397 1057 2440 mihi
1080 2399 1227 2440 tristia
1252 2397 1342 2439 dixi

344 2474 576 2517 Offensum
602 2474 650 2515 in
675 2477 805 2528 porta
829 2475 957 2529 signa
981 2474 1155 2517 dedisse
1182 2474 1364 2528 pedem!
1758 2495 1795 2520 ευ

279 2552 455 2595 Audeat
482 2552 624 2593 invito
650 2565 707 2593 ne
733 2551 832 2606 quis
857 2551 1081 2595 discedere
1106 2553 1281 2601 Amore,

343 2630 431 2672 Aut
456 2631 566 2672 sciet
592 2642 818 2682 egressum
843 2643 890 2672 se
916 2630 1181 2685 prohibente
1207 2629 1303 2672 deo.

287 2706 405 2759 Quid
431 2710 509 2749 tua
534 2719 653 2748 nunc
678 2705 763 2748 Isis
787 2707 912 2756 mihi,
939 2707 1080 2757 Delia,
1110 2707 1217 2762 quid
1241 2707 1352 2748 mihi
1382 2710 1569 2760 prosunt
