1942 3132
798 231 857 262 n>
876 231 907 261 1.
930 230 967 270 3,
989 228 1134 260 9—14.
1647 215 1727 254 '1'13

211 353 336 393 strua
360 352 463 392 tura
487 348 637 392 Lari».
665 347 874 391 Ceterum
912 345 1078 391 reddat
1115 350 1185 390 est
1218 361 1321 390 mea
1359 349 1644 400 coniectura:
1669 351 1725 393 cf.

208 427 330 470 infra
354 426 456 471 adn.
485 426 581 469 crit.
611 426 668 469 ad
693 426 738 469 h.
764 425 794 468 1.
822 449 882 455 -—
907 422 1133 480 Assyrios
1160 457 1171 468 .
1197 457 1207 467 .
1234 454 1247 466 -.
1278 423 1458 479 odores,
1483 427 1536 469 cf.
1565 425 1726 470 Catull.

191 495 281 554 '68‚
315 504 425 548 144:
458 502 776 558 «Fragrantem
800 501 985 557 Assyrio
1011 501 1137 545 venit
1164 500 1299 544 odore
1325 502 1554 545 domum».
1575 502 1726 561 Assy-

208 580 324 634 rios,
361 580 389 622 i.
419 594 455 622 e.
485 578 651 633 Syrios,
691 592 800 621 nam
838 578 1001 620 odores
1040 577 1239 620 Orientis
1279 593 1332 620 ex
1371 578 1500 633 Syria
1538 580 1728 623 Romam

210 657 560 702 advehebantur.
587 656 709 698 unde
733 655 994 710 Propertius
1020 655 1075 698 de
1102 654 1315 699 odoribus
1352 659 1532 698 mortuo
1569 657 1728 699 dandis

208 733 265 776 IL
299 734 365 785 13,
408 735 491 777 30:
524 732 661 777 «Cum
699 732 879 776 dabitur
916 732 1046 788 Syrio
1083 747 1270 776 munere
1308 734 1474 788 plenus
1512 747 1652 788 onyx»
1685 738 1730 777 et

208 811 329 854 idem
370 811 404 854 L
434 813 473 861 2,
503 812 542 854 3.
585 824 786 853 murram
822 811 1061 854 Arabicam
1099 813 1168 866 (cf.
1208 813 1322 856 Plin.
1351 813 1402 856 N.
1430 813 1487 855 H.
1516 813 1614 855 XII.
1645 815 1728 856 66:

215 902 393 932 «murra
417 889 575 931 multis
611 889 724 931 locis
748 888 923 931 Arabiae
963 891 1210 945 gignitur»)
1237 890 1483 934 Oronteam
1510 893 1553 944 (i.
1584 907 1618 934 e.
1649 891 1726 946 Sy-

210 966 341 1018 riam)
378 965 586 1007 nominat
623 964 679 1008 ab
716 963 900 1018 Oronte,
939 965 1077 1009 fluvio
1117 966 1267 1022 Syriae.
1307 968 1492 1022 Assyria
1532 971 1576 1010 et
1601 967 1729 1022 Syria

211 1058 329 1099 saepe
367 1043 708 1086 confunduntur
745 1044 864 1098 apud
904 1045 1147 1099 scriptores
1185 1045 1429 1097 Romanos,
1468 1050 1519 1088 ut
1546 1045 1633 1089 Cic.
1662 1046 1728 1088 De

210 1121 285 1164 fin.
313 1121 368 1164 II.
403 1122 499 1164 106.
528 1120 907 1176 Sardanapallum
946 1122 1147 1177 appeHat
1184 1137 1336 1177 regem
1364 1121 1528 1178 Syriae,
1560 1122 1729 1167 Seneca

211 1203 360 1241 autem
403 1198 535 1241 Herc.
579 1198 676 1242 Oet.
720 1201 822 1242 553.
864 1199 1108 1254 Europam,
1151 1199 1293 1243 filiam
1333 1201 1567 1256 Agenoris,
1611 1201 1728 1255 regis

210 1276 346 1331 Tyrii,
387 1276 587 1331 puellam
626 1276 903 1333 Assyriam;
942 1277 1056 1320 Plin.
1097 1277 1149 1320 N.
1189 1277 1245 1320 H.
1274 1277 1324 1320 V.
1356 1279 1424 1320 66.
1469 1277 1579 1320 dicit
1619 1278 1729 1320 olim

211 1353 349 1409 Syriae
388 1353 706 1397 adnumeratas
746 1354 884 1397 fuisse
922 1354 1220 1410 Babyloniam
1248 1359 1292 1398 et
1316 1355 1559 1410 Assyriam.
1589 1381 1648 1385 —
1675 1355 1728 1398 E:

208 1431 317 1487 fleat
344 1429 504 1487 effusis
531 1432 638 1474 ante
673 1431 885 1487 sepulcra
924 1431 1083 1482 comis,
1109 1432 1258 1474 locum
1286 1432 1494 1474 imitatur
1518 1432 1657 1487 Lygd.
1688 1435 1727 1482 2,

215 1509 416 1551 11—12:
449 1509 589 1550 «Ante
614 1522 767 1551 meum
791 1510 948 1552 veniat
983 1510 1145 1564 longos
1183 1510 1417 1564 incompta
1450 1509 1641 1564 capillos
1673 1509 1730 1551 Et

206 1585 315 1628 fleat
341 1587 446 1628 ante
473 1599 626 1628 meum
652 1588 809 1629 maesta
835 1587 992 1630 Neaera
1017 1601 1202 1642 rogum»
1226 1589 1272 1630 et
1290 1587 1368 1630 Ov.
1387 1586 1507 1629 Fast.
1526 1587 1598 1630 VL
1619 1589 1708 1630 514

215 1663 461 1718 ·Thyiades
488 1662 641 1706 effusis
666 1677 748 1718 per
774 1677 856 1706 sua
882 1665 1000 1707 colla
1026 1665 1213 1714 comis»;
1240 1664 1293 1706 cf.
1325 1665 1462 1706 etiam
1488 1664 1618 1719 Prop.
1647 1664 1725 1706 ΙΠ.

215 1740 281 1789 13,
314 1739 393 1781 18:
427 1739 650 1782 «Uxorum
678 1740 792 1782 fusis
820 1742 911 1783 stat
936 1741 1011 1795 pia
1038 1741 1170 1783 turba
1196 1741 1379 1783 comis».
1400 1766 1459 1770 -
1486 1740 1671 1797 effusi-5.
1692 1774 1701 1783 .
1717 1773 1727 1783 .

211 1814 368 1866 comis,
398 1815 519 1870 quod
546 1818 642 1858 erat
681 1817 860 1870 signum
900 1817 1062 1867 luctus,
1096 1821 1147 1859 ut
1172 1817 1301 1870 Verg.
1329 1818 1439 1859 Aen.
1468 1817 1546 1859 III.
1577 1819 1646 1860 65.
1674 1818 1730 1859 de

209 1892 497 1946 lugentibus:
530 1893 612 1935 «Et
636 1894 804 1936 circum
831 1894 997 1936 Iliades
1023 1895 1193 1936 crinem
1218 1895 1273 1936 de
1299 1907 1423 1936 more
1451 1895 1652 1937 solutae».

269 1968 319 2011 V.
349 1971 509 2012 9—14.
550 1970 764 2023 mitteret,
802 1970 1063 2020 dimitteret,
1104 1973 1156 2012 ut
1193 1970 1356 2013 Catull.
1399 1972 1469 2018 66.
1499 1973 1582 2014 29:
1616 1971 1727 2014 «Sed

210 2049 306 2088 tum
332 2049 490 2089 maesta
509 2047 658 2090 virum
683 2047 871 2089 mittens
909 2060 1007 2101 quae
1033 2047 1167 2090 verba
1206 2048 1359 2090 locuta
1384 2061 1432 2090 es
1443 2050 1488 2090 ⁶2»
1520 2073 1578 2078 ——
1605 2051 1726 2102 ante,

211 2124 498 2167 adverbium:
537 2125 674 2179 prius.
705 2149 762 2154 —
790 2123 1078 2168 consuluisse
1117 2124 1240 2179 deos,
1279 2139 1336 2168 sc.
1378 2126 1433 2168 de
1471 2125 1619 2168 reditu
1656 2127 1726 2169 Ti-

209 2200 334 2243 bulli.
363 2225 421 2229 —
447 2199 539 2244 Illa
565 2213 728 2244 sacras
762 2201 902 2257 pueri
943 2203 1088 2245 sortes
1129 2202 1197 2245 ter
1236 2202 1441 2256 sustulit,
1483 2202 1636 2245 Romae
1677 2204 1726 2246 in

209 2279 325 2330 circo
353 2279 547 2321 maximo
575 2281 619 2320 et
643 2279 692 2321 in
719 2279 815 2321 foro
842 2280 1097 2334 frequentes
1125 2283 1254 2323 erant
1268 2283 1410 2332 vates,
1427 2294 1540 2336 quos
1565 2282 1726 2336 vulgus

210 2356 575 2410 superstitiosum
602 2356 889 2407 consulebam
916 2356 1003 2400 Cic.
1030 2357 1098 2400 De
1125 2357 1214 2401 div.
1237 2358 1273 2401 Ι.
1301 2360 1372 2409 58,
1407 2361 1502 2402 132.
1530 2373 1724 2402 comme-

210 2436 381 2476 morat:
415 2433 492 2476 «de
531 2434 648 2476 circo
687 2435 963 2489 astrologos»
996 2439 1041 2477 et
1065 2435 1176 2478 Hor.
1206 2435 1295 2479 Sat.
1324 2437 1357 2480 Ι.
1389 2439 1428 2488 6,
1463 2439 1723 2480 113—114:

216 2510 467 2553 «Fallacem
509 2511 676 2552 circum
717 2512 1114 2567 vespertinumque
1159 2526 1340 2568 pererro
1389 2513 1515 2569 Saepe
1561 2516 1721 2565 forum,

210 2588 379 2631 adsisto
406 2588 596 2630 divinis»
605 2603 616 2638 3
645 2588 699 2631 ad
727 2589 963 2644 sortilegos
988 2590 1037 2633 in
1063 2590 1181 2633 circo
1220 2591 1382 2634 alludit
1406 2591 1499 2634 Iuv.
1531 2591 1619 2635 Sat.
1648 2592 1719 2633 VL

211 2667 463 2710 582—583.
512 2666 566 2708 de
612 2666 803 2708 muliere
849 2669 1188 2723 superstitiosa:
1221 2668 1293 2711 «Si
1339 2669 1577 2711 mediocris
1624 2670 1719 2715 ειη,

211 2745 409 2798 spatium
434 2744 646 2786 transibit
667 2744 890 2800 utrimque
911 2745 1134 2790 Metamm
1150 2749 1195 2789 et
1209 2751 1351 2790 sortes
1366 2747 1497 2789 ducet
1507 2761 1541 2795 »3
1560 2746 1613 2788 de
1632 2759 1722 2787 anu

283 2838 460 2871 Nemeeny:
479 2838 562 2866 Albia'
585 2838 705 2866 ramni
725 2839 891 2867 carmina.
1553 2829 1576 2862 8
