1942 3132
184 1220 222 1243 10

184 1603 223 1627 15

188 1758 223 1781 21

189 2141 227 2165 20

190 2219 227 2241 23

192 2370 229 2393 25

230 225 279 258 46

929 238 986 266 IV.
1011 237 1044 267 4.

946 413 1023 454 III.

293 508 393 549 Huc
421 508 524 550 ades
552 510 596 550 et
621 511 783 550 tenerae
810 509 989 550 morbos
1006 500 1186 562 'expelle
1213 508 1384 562 puellae,
1624 505 1690 540 IV·
1708 505 1742 539 4-

355 584 454 626 Huc
482 583 601 634 ades,
628 585 810 627 intonsa
834 584 999 626 Phoebe
1026 585 1214 639 superbe
1241 598 1379 625 coma.

298 660 435 703 Crede
462 661 588 710 mihi,
616 674 831 715 propera:
859 675 941 703 nec
967 664 1009 703 te
1038 662 1141 712 iam,
1169 661 1345 711 Phoebe,
1374 660 1544 714 pigebit

357 737 582 780 Formosae
609 737 804 779 medicas
832 738 1100 792 applicuisse
1127 751 1300 780 manus.

297 814 447 864 Effice,
476 828 532 856 ne
557 814 722 855 macies
749 814 970 867 pallentes
998 817 1182 868 occupet
1209 817 1344 864 artus,

357 892 455 933 Neu
480 893 606 933 notet
630 891 838 932 informis
864 891 1077 949 languida
1103 891 1303 932 membra
1330 891 1462 939 color,

297 969 354 1010 Et
380 968 687 1022 quodcumque
713 969 822 1010 mali
849 951 916 1010 est
937 972 986 1010 et
1015 968 1229 1022 quidquid
1254 969 1382 1009 triste
1408 968 1632 1017 timemus,

358 1046 410 1087 In
435 1046 620 1099 pelagus
647 1045 813 1099 rapidis
841 1046 1000 1087 evehat
1027 1046 1172 1087 amnis
1200 1046 1339 1100 aquis.

299 1121 472 1171 Sancte,
501 1122 616 1172 veni,
645 1124 880 1175 tecumque
908 1123 1038 1171 feras,
1067 1122 1332 1176 quicumque
1361 1135 1553 1175 sapores,

360 1199 636 1253 Quicumque
665 1201 708 1240 et
734 1200 892 1240 cantus
919 1212 1104 1252 corpora
1129 1199 1247 1241 fessa
1272 1200 1447 1241 levant:

299 1276 396 1317 Neu
421 1277 631 1317 iuvenem
656 1278 825 1329 torque,
855 1275 1015 1316 metuit
1041 1276 1115 1329 qui
1144 1276 1235 1317 fata
1261 1276 1420 1329 puellae

359 1353 561 1406 Votaque
586 1366 667 1406 pro
695 1352 879 1394 domina
903 1353 975 1394 vix
1001 1353 1279 1394 numeranda
1306 1354 1423 1395 facit.

299 1430 530 1471 Interdum
554 1432 696 1479 vovet,
724 1430 966 1481 interdum,
995 1430 1113 1484 quod
1138 1431 1352 1484 langueat
1375 1430 1465 1480 illa,

359 1507 478 1548 Dicit
503 1507 551 1548 in
577 1509 767 1548 aeternos
794 1520 952 1561 aspera
977 1507 1111 1549 verba
1137 1508 1254 1549 deos

301 1583 420 1625 Pone
447 1586 632 1634 metum,
660 1583 895 1625 Cerinthe:
924 1584 1033 1625 deus
1059 1597 1152 1625 non
1178 1584 1299 1626 laedit
1324 1586 1539 1633 amantes,

362 1661 425 1702 Tu
452 1660 584 1701 modo
612 1673 788 1714 semper
814 1674 939 1702 ama:
970 1660 1092 1702 salva
1117 1661 1267 1714 puella
1293 1660 1374 1702 tibi
1401 1663 1478 1702 est.

300 1736 374 1777 Nil
400 1749 512 1789 opus
539 1738 606 1777 est
631 1735 762 1777 fletu:
790 1736 988 1777 lacrimis
1016 1737 1099 1777 erit
1124 1738 1273 1790 aptius
1300 1738 1379 1786 uti,

363 1812 409 1854 Si
436 1813 612 1865 quando
641 1813 774 1853 fuerit
800 1813 970 1854 tristior
994 1813 1071 1853 illa
1099 1813 1190 1853 tibi.

301 1891 357 1932 At
384 1904 502 1931 nunc
527 1893 623 1931 tota
647 1893 725 1931 tua
753 1893 831 1939 est,
861 1894 902 1931 te
932 1891 1077 1931 solum
1105 1891 1293 1932 candida
1321 1904 1471 1932 secum

362 1967 537 2020 Cogitat
566 1969 609 2008 et
635 1968 799 2008 frustra
826 1967 1006 2008 credula
1031 1968 1160 2009 turba
1189 1968 1323 2010 sedet.

302 2044 478 2093 Phoebe,
509 2045 630 2086 fave:
658 2045 758 2085 laus
785 2058 948 2098 magna
974 2045 1053 2086 tibi
1082 2046 1303 2086 tribuetur
1327 2046 1375 2086 in
1401 2060 1491 2087 uno

364 2121 556 2174 Corpore
585 2124 757 2163 servato
783 2123 1034 2163 restituisse
1062 2122 1185 2164 duos.

303 2197 398 2238 Iam
426 2197 611 2246 celeber,
638 2199 729 2238 iam
755 2198 881 2238 laetus
911 2199 1008 2242 eris.
1038 2213 1139 2240 cum
1168 2199 1326 2254 debita,
1343 2199 1497 2240 reddet

365 2273 577 2315 Certatim
605 2274 770 2314 sanctis
797 2274 924 2315 laetus
952 2278 1136 2328 uterque
1165 2276 1286 2317 focis.
1313 2270 1320 2274 ⁴¹

306 2350 426 2390 Tunc
452 2353 495 2391 te
523 2351 696 2391 felicem
725 2350 839 2391 dicet
865 2352 940 2404 pia
966 2353 1094 2394 turba
1121 2353 1316 2401 deorum,

366 2426 593 2480 Optabunt
619 2430 735 2467 artes
763 2430 805 2467 et
832 2428 914 2468 sibi
943 2430 1127 2482 quisque
1155 2432 1265 2471 tuas.
