1942 3132
279 225 325 260 9⁶2
852 239 910 266 AD
931 239 961 268 1.
986 237 1018 275 9,
1047 237 1210 267 13—022.

278 355 474 415 nautis».t
499 379 557 383 —
583 353 644 397 At
668 353 781 397 deus
824 354 912 398 illa
949 353 1005 397 In
1032 354 1230 397 cinerem
1268 355 1308 396 et
1350 352 1555 409 liquidas
1593 366 1790 396 ‘munera

278 433 422 475 vertat
450 444 608 487 aquas,
638 433 687 473 ut
713 432 831 473 infra
857 445 943 474 vss.
978 433 1184 473 49——50:
1219 431 1327 472 «Illa
1351 431 1489 472 velim
1514 430 1670 484 rapida
1681 430 1788 472 Vul-

278 522 415 551 canus
441 509 641 550 carmina,
656 507 840 549 flamma.
857 508 1038 549 Torreat
1060 510 1104 549 et
1129 507 1298 561 liquida
1317 506 1464 548 deleat
1479 507 1625 549 amnis
1643 519 1781 561 aqua»

278 588 321 628 et
347 586 401 627 II.
430 587 470 635 4,
502 586 703 627 39—40:
729 585 809 626 «At
836 584 930 634 tibi,
960 598 1057 638 quae
1083 584 1227 639 pretio
1243 584 1385 625 victos
1413 582 1608 625 excludis
1634 596 1786 625 aman-

278 666 360 713 tes,
386 662 594 716 Eripiant
630 664 783 715 partas
808 664 970 704 ventus
998 664 1041 702 et
1067 660 1184 714 ignis
1212 673 1342 714 opes»
1352 675 1363 709 ;
1401 660 1550 701 locum
1588 659 1789 702 imitatus

277 741 345 780 est
382 739 510 792 Prop.
551 738 631 780 III.
675 739 739 788 16,
781 739 990 780 43—44:
1024 737 1136 780 «Sed
1177 750 1478 792 quascumque
1516 736 1599 779 tibi
1628 728 1810 788 vestes)

278 829 581 871 quoscumque
610 814 883 868 smaragdos,
915 815 1091 866 Quosve
1118 814 1240 856 dedit
1264 814 1379 856 flavo
1411 814 1583 855 lumine
1610 814 1786 868 chryso-

277 893 428 942 lithos,
457 892 565 934 Haee
590 891 767 933 videam
796 891 976 945 rapidas
1002 892 1050 933 in
1076 906 1242 933 vanum
1271 892 1383 932 ferre
1421 891 1653 944 proeellas,
1683 891 1788 943 Quae

277 969 359 1011 tibi
383 971 503 1010 terra
528 969 674 1018 velim,
706 982 802 1022 quae
830 968 910 1009 tibi
938 968 1015 1010 fiat
1041 982 1198 1022 aqua».

335 1046 384 1089 V.
418 1046 606 1087 13—16.
634 1044 738 1088 Iam
765 1044 883 1087 mihi
903 1045 1134 1100 persolvet
1155 1057 1332 1100 poenas
1358 1048 1452 1094 etc„
1482 1045 1520 1086 is
1546 1045 1694 1098 igitur,
1715 1044 1791 1099 qui

276 1136 467 1178 puerum
495 1122 624 1164 donis
651 1122 848 1175 eorrupit
865 1123 942 1173 (vs.
963 1123 1064 1174 53.)‚
1093 1122 1400 1163 iter.facturus
1419 1124 1514 1163 erat
1530 1135 1631 1163 oum
1649 1135 1716 1163 eo.
1729 1146 1789 1150 —

271 1199 532 1255 pulvisque,
561 1212 616 1240 sc.
646 1198 831 1240 viarum.

335 1275 386 1318 V.
418 1276 608 1317 17—22.
635 1287 752 1318 auro
792 1275 945 1317 multa
983 1274 1166 1317 subesse
1203 1275 1346 1325 mala,
1387 1276 1450 1316 ita
1475 1277 1525 1316 ut
1550 1276 1720 1317 lateant
1745 1278 1790 1318 et

276 1366 369 1394 non
396 1353 550 1394 statim
577 1351 1019 1401 animadvertantur3
1057 1350 1141 1393 1100
1179 1352 1299 1393 enim
1327 1351 1549 1406 signifieat
1588 1352 1788 1405 subesse,

276 1430 327 1471 ut
353 1430 449 1470 Tac.
478 1428 596 1470 Hist.
625 1429 697 1470 IV.
732 1429 811 1470 16:
846 1428 1052 1470 «subesse
1080 1428 1282 1470 fraudem
1308 1430 1497 1471 oonsilio
1524 1430 1788 1483 patuit».—

278 1506 564 1563 Asperaque,
598 1506 803 1556 crudelis,
832 1505 953 1555 dura,
983 1507 1034 1546 ut
1059 1505 1090 1547 I.
1124 1507 1161 1554 6,
1192 1507 1243 1547 2:
1277 1519 1348 1547 «es
1374 1507 1538 1548 misero
1577 1505 1718 1548 tristis
1744 1509 1790 1548 et

279 1597 417 1637 asper,
459 1583 638 1631 Amor»,
668 1607 727 1610 ——-
759 1581 1068 1638 difficilisque,
1107 1596 1203 1636 quae
1241 1583 1447 1636 precibus
1487 1583 1660 1625 exorari
1697 1596 1789 1626 non

275 1662 437 1713 potest.
464 1685 523 1687 -ψ
557 1658 645 1702 Ure
682 1671 837 1701 meum
868 1659 1028 1714 potius
1066 1660 1260 1714 flamma
1297 1662 1434 1714 eaput
1471 1662 1512 1702 et
1540 1660 1641 1715 pete
1665 1660 1787 1716 ferro

281 1733 458 1790 Corpus
486 1736 527 1776 et
552 1735 721 1778 intorto
748 1735 932 1777 verbere
973 1737 1102 1790 terya
1129 1747 1248 1789 seca,
1274 1748 1430 1777 amans
1456 1737 1628 1777 mavult
1654 1737 1786 1778 servi-

277 1813 339 1853 lia
367 1812 588 1865 supplicia
626 1812 732 1866 pati,
771 1825 904 1866 quam
936 1811 1196 1853 Marathum
1233 1812 1382 1855 videre
1420 1813 1673 1863 infidelem3
1713 1813 1788 1856 do-

276 1890 389 1930 mini
433 1890 555 1930 enim
599 1888 800 1930 crudeles
844 1901 995 1930 servos
1045 1888 1238 1930 admotis
1279 1890 1450 1931 facibus
1488 1903 1628 1940 urere,
1672 1891 1788 1932 ferro

276 1967 511 2008 vulnerare
540 1969 583 2008 et
607 1966 799 2019 flagellis
841 1966 1009 2008 caedere
1050 1967 1266 2008 solebant.
1297 1966 1504 2009 Ceterum
1529 1967 1682 2009 erebra
1722 1969 1790 2009 est

275 2044 435 2085 talium
460 2057 696 2097 poenarum
722 2044 770 2084 in
795 2044 922 2096 poesi
938 2044 1155 2085 amatoria
1172 2045 1550 2094 commemoratio,
1570 2045 1669 2086 utI.
1690 2046 1730 2094 5,
1745 2047 1786 2093 5,

278 2120 334 2161 ad
359 2120 562 2162 Deliam:
596 2120 709 2162 «Ure
749 2121 894 2161 ferum
935 2122 978 2161 et
1016 2122 1219 2174 torque»,
1244 2121 1301 2162 Π.
1330 2122 1372 2171 4,
1401 2122 1438 2162 6.
1469 2121 1523 2162 ad
1555 2121 1789 2164 Nemesin:

285 2197 433 2246 «Uror,
465 2197 520 2247 io,
546 2211 738 2248 remove,
767 2210 885 2239 saeva
909 2197 1072 2251 puella,
1103 2198 1245 2239 faces»
1271 2199 1314 2239 et
1338 2197 1410 2239 IV.
1446 2198 1509 2248 13,
1543 2198 1621 2240 19:
1645 2211 1789 2240 «nuno

278 2275 327 2314 tu
353 2286 424 2313 me
451 2274 665 2315 audacius
692 2287 838 2316 ures».
869 2299 927 2302 —
954 2274 1125 2316 intorto
1152 2273 1350 2322 verbere,
1376 2274 1564 2329 flagello,
1595 2276 1712 2329 quod
1738 2288 1791 2317 ex

278 2349 386 2390 loris
426 2351 643 2391 contortis
683 2353 870 2401 constat,
912 2354 988 2392 ut:
1023 2351 1228 2393 «verbera
1260 2353 1400 2393 torta»
1432 2352 1550 2393 infra
1586 2352 1618 2393 Ι.
1649 2353 1686 2401 6,
1715 2353 1785 2394 46.

279 2429 323 2467 et
348 2425 424 2466 Ov.
454 2425 515 2467 Ib.
551 2428 632 2467 159
649 2441 660 2475 3
694 2427 898 2469 «verbere
937 2429 1079 2469 torto»
1111 2427 1237 2481 Verg.
1268 2427 1345 2470 Ge.
1373 2428 1451 2470 HL
1485 2429 1582 2470 106.
1610 2430 1653 2473 et
1677 2428 1784 2470 Aen.

278 2502 373 2543 VII.
405 2503 516 2551 378;
551 2505 781 2546 «contorto
820 2505 1027 2546 verbere»
1062 2504 1138 2547 Ov.
1179 2506 1283 2547 Met.
1324 2505 1419 2547 VII.
1462 2507 1559 2548 757.
1599 2503 1788 2558 Ιηίονίο,

278 2580 329 2620 111
367 2578 526 2620 Catull.
571 2580 639 2628 64,
681 2581 794 2622 ⁶235:
841 2581 1152 2636 «Candidaque
1198 2582 1356 2624 intorti
1407 2582 1646 2624 sustollant
1689 2583 1788 2624 vela

280 2654 531 2697 rudentes».
550 2680 608 2683 —
625 2668 742 2707 seca,
773 2658 825 2698 de
852 2658 1122 2708 verberibus,
1158 2661 1209 2700 ut
1233 2659 1340 2701 Hor.
1369 2658 1448 2712 Ep.
1476 2659 1517 2707 4,
1551 2659 1629 2700 11:
1663 2657 1787 2700 «Sec-

281 2734 353 2774 1115
378 2731 570 2785 flagellis
596 2733 668 2773 hio
694 2733 1090 2776 triumviralibus».
