1942 3132
273 217 344 252 322
875 233 1090 263 nxomzsus
1111 234 1160 261 11.

371 346 376 347 ⁷
431 347 511 386 Hic
539 347 661 386 modo
690 349 774 387 iam
801 349 956 398 possim
986 349 1201 387 contentus
1229 348 1364 387 vivere
1393 359 1518 397 parvo
1542 345 1545 347 ⁴

484 419 567 458 Nec
593 430 753 468 semper
779 417 1099 469 lonqae'deditus
1129 430 1214 456 esse
1243 419 1351 465 vices

271 576 424 622 rursus
450 579 615 621 bellum
641 579 951 633 Aquitanicum
983 580 1198 633 respicere
1235 579 1432 630 videtur;
1471 594 1589 630 nam,
1629 581 1666 623 si
1706 592 1757 623 eo

270 653 410 711 usque
437 657 551 698 nihil
577 655 698 697 aliud
722 657 909 706 fecisset,
937 656 1039 706 nisi,
1067 655 1183 709 quod
1214 654 1355 697 Roma
1389 653 1678 698 Brundisium
1717 659 1758 699 et

271 734 373 775 inde
398 734 445 774 in
473 732 705 786 Corcyram
729 733 951 786 profectus
979 735 1055 782 est,
1085 735 1200 773 certe
1226 745 1317 774 non
1349 733 1532 774 dixisset
1565 746 1611 774 se
1645 747 1757 775 sem-

269 822 350 862 per
373 806 508 861 longa
533 807 693 848 itinera
718 808 857 848 facere
885 806 1068 857 debere;
1096 809 1248 848 contra
1273 807 1407 860 plana
1442 806 1555 850 fiunt
1594 810 1755 859 omnia,

271 885 309 926 si
334 885 557 926 Tibullum
582 883 699 925 bello
720 865 980 937 Aquitanico
1003 884 1092 924 iam
1115 883 1367 925 interfuisse
1391 885 1651 936 statuimus;
1676 887 1758 928 hoc

270 961 390 1002 enim
417 961 544 1010 bello,
574 963 623 1002 ut
647 960 680 1002 Ι.
710 961 748 1010 7,
777 961 933 1002 9—102.
962 960 1179 1008 docemur.
1210 960 1446 1002 maximam
1474 960 1627 1003 Galliae
1659 976 1755 1016 par-

268 1043 361 1082 tem
386 1054 476 1082 una
501 1053 600 1081 cum
625 1039 834 1081 Messalla
859 1038 1118 1092 peragravit.

328 1117 579 1159 Verisimile
607 1118 672 1158 est
702 1116 837 1169 igitur
871 1115 1128 1157 Messallam
1164 1117 1266 1169 post
1302 1129 1498 1169 pugnam
1535 1115 1756 1158 Actiacam

268 1196 340 1237 die
367 1197 404 1237 Q,
435 1194 551 1248 Sept.
581 1207 617 1236 a.
647 1195 714 1235 31.
744 1207 780 1234 a.
809 1192 907 1235 Chr.
936 1206 978 1234 n.
1007 1194 1289 1234 commissam
1316 1193 1465 1234 statim
1491 1193 1538 1233 in
1566 1192 1756 1235 Galliam

268 1273 553 1314 'rebellantem
581 1270 827 1324 profectum
855 1282 960 1319 esse,
990 1269 1051 1310 ibi
1078 1269 1131 1310 ab
1158 1271 1373 1310 autumno
1395 1269 1502 1310 anni
1525 1270 1591 1311 31.
1617 1283 1756 1323 usque

269 1348 324 1390 ad
348 1360 486 1390 vera.
516 1348 583 1389 30.
611 1346 839 1395 mansisse,
869 1344 1027 1386 deinde
1052 1345 1177 1386 iussu
1203 1343 1430 1387 Octaviani
1456 1346 1504 1386 in
1531 1345 1756 1387 Orientem

266 1427 510 1484 navigasse,
538 1426 688 1466 aestate
715 1436 751 1464 a.
781 1424 848 1464 30.
878 1423 1039 1464 auxilio
1066 1423 1201 1464 fuisse
1229 1421 1467 1464 Octaviano
1505 1422 1754 1477 Aegyptum

267 1501 545 1556 occupantis*
572 1500 700 1541 annis
728 1499 1013 1553 sequentibus
1041 1497 1226 1552 Syriam,
1259 1498 1532 1539 Phoeniciam
1571 1501 1614 1540 et
1651 1498 1754 1541 Cili-

266 1581 382 1622 ciam
407 1575 845 1632 pacasse‚-ordinatis
873 1575 1052 1616 demum
1077 1588 1229 1616 mense
1266 1574 1474 1616 Ianuario
1513 1588 1549 1616 a.
1591 1576 1659 1616 27,
1700 1576 1753 1617 ab
1815 1608 1820 1611 .

266 1658 464 1711 Augusto
490 1653 730 1708 provinciis
756 1652 943 1693 Romam
967 1651 1164 1702 rediisse,
1190 1654 1240 1693 ut
1265 1650 1317 1692 de
1343 1651 1581 1705 Aquitania
1600 1648 1754 1693 trium-

265 1733 436 1788 pharet.

325 1809 388 1850 Ex
413 1809 468 1849 iis
494 1807 641 1861 igitur,
669 1820 764 1860 quae
791 1806 877 1847 huc
902 1818 1040 1858 usque
1068 1804 1402 1858 disputavimuS‚
1444 1805 1534 1846 haec
1573 1806 1662 1847 fere
1702 1807 1754 1848 de

264 1885 427 1927 Tibulli
453 1880 545 1926 vita
570 1885 613 1924 et
639 1882 813 1936 scriptis
842 1883 1033 1923 statuere
1059 1881 1185 1922 licet:

326 1964 364 2004 2.
394 1960 512 2015 Sept.
542 1974 579 2002 a.
610 1962 677 2001 31.
705 1959 858 2012 Pugna
884 1958 1071 1999 Actiaca.

327 2038 443 2092 Sept.
473 2051 509 2079 a.
540 2038 607 2079 31.
634 2036 843 2078 Messalla
871 2035 917 2075 in
943 2035 1228 2088 Aquitaniam
1265 2034 1545 2087 proficiscens
1583 2028 1754 2077 echorti

264 2116 480 2170 praetoriae
509 2114 688 2156 ascribit
713 2113 948 2154 Tibullum.
977 2112 1108 2153 Poeta
1139 2112 1288 2154 scribit
1313 2111 1339 2153 l.
1368 2112 1401 2153 I.
1431 2111 1536 2165 eleg.
1571 2113 1647 2161 10„
1677 2112 1753 2153 ubi

264 2195 431 2237 bellum
460 2194 718 2234 exsecratur.

323 2269 389 2310 Ab
418 2271 630 2310 autumno
658 2281 693 2308 a.
737 2267 804 2308 31.
845 2279 982 2319 usque
1022 2264 1076 2305 ad
1112 2278 1188 2306 ver
1224 2277 1260 2306 a.
1303 2265 1371 2305 30.
1408 2263 1583 2305 Bellum
1619 2264 1751 2318 Aqui-

263 2347 475 2388 tanicum.

323 2422 411 2463 Ver
437 2434 472 2462 a.
499 2421 566 2462 30.
591 2419 725 2460 Poeta
746 2418 934 2459 Romam
955 2417 1198 2466 revertitur,
1222 2416 1299 2458 ubi
1320 2416 1448 2457 Delia
1471 2429 1568 2458 eam
1589 2417 1752 2458 frustra

263 2498 455 2540 retinere
480 2498 680 2549 temptat.
708 2494 811 2537 Mox
835 2494 919 2536 iter
943 2494 1189 2547 ingreditur
1213 2493 1263 2534 in
1290 2491 1516 2542 Οτι-3301111111,
1550 2494 1600 2533 ut
1634 2491 1751 2533 Mes-

263 2575 398 2624 sallae,
428 2573 502 2628 qui
526 2573 574 2614 in
599 2572 843 2626 Aegyptum
873 2572 1134 2612 traiecturus
1160 2570 1207 2611 in
1231 2572 1363 2623 portu
1388 2568 1578 2622 quodam
1615 2568 1750 2609 maris

325 2739 346 2759 *
373 2736 606 2772 Octavianus
633 2735 693 2769 die
724 2735 753 2768 1.
779 2734 874 2778 Aug.
902 2745 934 2768 a.
962 2734 1018 2769 30.
1045 2734 1145 2778 cepit
1171 2732 1454 2767 Alexandriam.
