1942 3132
225 538 263 561 50

219 1307 257 1330 60

216 1691 252 1714 65

214 2075 251 2098 70

214 2456 250 2479 75

281 233 327 266 34

983 243 1012 272 Ι.
1041 242 1076 272 6.

399 361 713 414 Sanguineque
727 348 880 402 'effuso
909 360 1077 413 spargit
1104 359 1253 400 inulta
1264 360 1418 410 deam,

338 438 520 492 Statque
547 438 666 479 latus
692 436 868 491 praefixa
893 450 1013 486 veru,
1044 438 1133 477 stat
1159 437 1313 478 saucia·
1335 439 1502 491 pectus,
1532 463 1534 466 -

395 516 451 557 Et
478 515 598 556 canit
625 517 825 563 eventus,
853 527 963 567 quos
991 512 1074 554 dea
1099 526 1263 567 magna
1290 516 1467 555 monet:

341 592 548 642 «Parcite,
578 592 712 644 quam
739 590 933 631 custodit
952 590 1105 639 Amor,
1133 590 1301 632 violare
1327 591 1537 644 puellam,

394 669 457 710 Ne
484 669 635 722 pigeat
660 673 822 720 magno
850 669 952 720 post
979 666 1186 708 didicisse
1212 668 1346 709 malo,
1486 660 1488 662 ’

334 745 555 799 Attigerit‚
583 744 789 785 labentur
817 739 945 797 opes}
967 746 1016 786 u't
1040 744 1225 786 vulnere
1252 747 1407 786 nostro
1491 748 1493 750 ’

396 822 599 876 Sanguis,
629 824 678 862 ut
704 822 776 862 hic
803 821 948 862 ventis
975 812 1270 875 diripiturque
1296 822 1449 864 cinis.»

332 901 387 941 Et
412 900 495 941 tibi
521 899 670 940 nescio
698 911 807 951 quas
834 897 955 947 dixit,
985 911 1085 939 mea
1111 898 1252 948 Delia,
1281 911 1461 951 poenas:
1527 888 1529 890 V

395 975 440 1018 Si
467 978 620 1017 tamen
649 974 870 1023 admittas,
901 976 960 1016 sit
985 988 1142 1028 precor
1166 975 1245 1016 illa
1271 975 1402 1017 levis,v

333 1053 432 1094 Non
459 1050 610 1106 egestae
637 1051 818 1106 propter
843 1064 976 1104 parco
1005 1051 1098 1100 tibi,
1130 1051 1207 1092 sed
1233 1054 1310 1094 tua
1336 1055 1478 1094 mater

392 1129 465 1171 Me
492 1127 801 1182 movet'atque
828 1129 916 1169 iras
944 1141 1079 1170 aurea
1104 1129 1243 1170 vincit
1270 1142 1393 1171 anus.

332 1207 439 1248 Haec
464 1206 577 1248 mihi
604 1208 647 1246 te
675 1205 854 1246 adducit
880 1205 1076 1246 tenebris
1101 1206 1334 1260 multoque
1360 1206 1520 1247 timore

393 1282 635 1336 Coniungit
662 1284 839 1324 nostras
867 1282 982 1324 clam
1007 1283 1231 1324 taciturna
1257 1286 1461 1324 nianusz'

330 1360 435 1402 Haec
461 1359 718 1413 foribusque
745 1362 898 1401 manet
923 1362 1059 1400 noctu
1086 1373 1156 1400 me
1183 1359 1325 1401 adfixa
1351 1361 1593 1414 proculque

390 1436 631 1491 Cognoscit
658 1436 869 1490 strepitus
897 1450 967 1478 me
994 1438 1202 1479 veniente
1228 1438 1405 1491 pedum.

329 1515 436 1556 Vive
465 1514 540 1555 diu
567 1514 692 1563 mihi,
722 1513 863 1555 dulcis
891 1511 1028 1555 anus:
1056 1515 1262 1568 proprios
1291 1514 1370 1568 ego
1397 1516 1555 1565 tecum,
1629 1537 1634 1540 ·
1671 1537 1675 1539 -

389 1590 455 1633 Sit
480 1591 613 1632 modo
642 1591 720 1641 fas,
751 1604 894 1632 annos
922 1592 1216 1633 contribuisse
1241 1592 1388 1634 velim.

326 1669 385 1710 Te
412 1681 589 1721 semper
614 1670 855 1722 natamque
881 1670 1009 1710 tuam'
1032 1672 1075 1710 te
1101 1671 1282 1722 propter
1310 1668 1493 1710 amabo:

387 1744 610 1798 Quidquid
635 1745 738 1798 agit,
768 1745 951 1798 sanguis
979 1747 1045 1786 est
1072 1746 1224 1786 tamen
1248 1745 1327 1786 illa
1352 1747 1469 1786 tuus.
1546 1766 1548 1769 ·

329 1821 396 1863 Sit
421 1821 554 1863 modo
583 1823 719 1871 casta,
747 1820 867 1871 doce,
897 1822 1099 1874 quamvis
1126 1835 1219 1862 non
1244 1821 1354 1864 vitta
1380 1822 1542 1875 ligatos

386 1898 607 1952 Impediat
633 1898 776 1939 crines
804 1911 885 1938 nec
912 1898 1027 1939 stola
1052 1899 1187 1952 longa
1212 1898 1360 1951 pedes.

326 1976 383 2017 Et
407 1975 520 2018 mihi
549 1975 639 2017 sint
665 1975 784 2016 durae
811 1975 932 2028 leges
959 1974 1141 2016 laudare
1167 1988 1250 2015 nec
1276 1975 1416 2016 ullam

386 2053 558 2094 Possim
586 2065 680 2106 ego,
709 2052 817 2105 quin
845 2052 996 2093 oculos
1023 2053 1206 2105 appetat
1230 2051 1310 2093 illa
1335 2065 1482 2093 meos:

326 2129 382 2170 Et
410 2131 447 2170 si
475 2129 579 2182 quid
605 2141 811 2182 peccasse
839 2131 977 2182 putet,
1007 2129 1227 2183 ducarque
1254 2128 1427 2182 capillis

386 2206 615 2247 Immerito
642 2206 691 2246 in
716 2205 888 2247 medias
913 2206 1221 2259 proripiarque
1248 2206 1355 2246 vias.
1425 2209 1430 2222 '¹

326 2283 424 2323 Non
452 2295 532 2334 ego
560 2284 602 2322 te
622 2281 806 2335 ‘pulsare
831 2281 978 2330 velim,
1010 2281 1098 2327 sed,
1127 2280 1305 2323 venerit*
1322 2282 1407 2323 iste

388 2357 434 2399 Si
459 2359 592 2406 furor,
624 2344 814 2411 optarim
840 2372 932 2399 non
960 2359 1168 2400 habuisse
1195 2372 1367 2400 manus.

327 2434 414 2475 Nec
442 2448 556 2475 saevo
585 2435 645 2475 sis
672 2432 792 2475 casta
818 2436 951 2482 metu,
982 2435 1058 2475 sed
1084 2438 1234 2476 mente
1259 2434 1405 2476 fideli:

385 2511 569 2551 Mutuus
598 2510 769 2551 absenti
795 2513 839 2550 te
867 2511 977 2550 mihi
1006 2514 1150 2552 servet
1176 2524 1333 2553 amors

325 2590 382 2629 At
407 2601 502 2641 quae
527 2586 615 2628 fida
641 2587 724 2627 fuit
750 2587 877 2635 nulli‚-
905 2590 1006 2640 post
1032 2589 1147 2630 victa
1175 2591 1352 2630 senecta
1413 2609 1415 2612 ⁴

385 2664 518 2705 Ducit
543 2664 674 2717 inops
700 2664 889 2704 tremula
917 2665 1108 2705 stamina
1134 2667 1251 2706 torta
1275 2678 1415 2706 manu
1465 2691 1467 2693 ·

326 2740 563 2793 Firmaque
589 2740 818 2781 conductis
847 2740 1041 2781 adnectit
1066 2741 1168 2782 licia
1195 2742 1294 2784 telis
