1942 3132
314 197 381 230 338
906 210 1123 239 nxousssns
1145 210 1202 238 ix.

525 327 713 374 Agnosco
742 338 871 372 voees,
901 327 988 364 haeo
1018 327 1140 374 negat
1170 337 1255 363 esse
1286 325 1422 363 domi:

474 397 598 447 Saepe,
628 397 702 436 ubi
728 410 815 435 nox
839 398 1047 447 promissa
1075 397 1182 434 mihi
1211 400 1279 442 est,
1308 397 1500 451 languere
1529 396 1708 446 puellam

524 468 699 506 Nuntiat
726 469 796 506 aut
824 467 980 517 aliquas
1010 467 1246 505 extimuisse
1273 467 1422 505 minas

314 558 376 599 Ex
401 570 529 599 versu
554 556 813 610 paenultimo
841 558 984 598 elucet
1009 557 1220 598 Nemesin
1247 556 1389 597 adhue
1426 555 1611 598 liberam
1649 556 1798 598 fuisse.

376 633 551 676 Sextam
593 633 791 687 sequitur
831 633 973 676 tertia.
1018 633 1217 673 Nemesis
1258 645 1376 673 nune
1422 632 1512 674 iam
1559 635 1800 674 amatorem

314 711 446 752 habet
467 710 749 761 ditissimum,
769 711 975 752 libertum
994 710 1227 764 quendam,
1249 709 1438 751 eundem
1456 710 1655 760 fortasse,
1674 711 1799 752 euius

312 800 492 828 oausam
518 787 619 828 lena
644 787 776 829 modo
803 788 1148 828 commemorata
1175 785 1292 839 apud
1313 786 1510 839 puellam
1533 787 1632 839 egit.
1651 786 1799 829 Novus

313 864 384 905 hie
411 866 580 905 amator
605 863 814 905 Nemesin
841 862 893 904 ab
919 849 1026 903 urbe
1055 861 1232 902 abduxit
1263 862 1312 902 in
1337 861 1489 903 villam
1517 875 1643 903 suam
1668 864 1799 904 rusti-

313 954 408 982 cam
434 941 504 993 (of.
529 953 615 983 vss.
660 941 783 989 1—2,
825 941 893 981 59.
937 940 1069 993 sqq.);
1109 941 1241 992 poeta
1279 938 1367 980 iam
1405 951 1584 980 omnem
1621 953 1800 993 recupe-

314 1018 460 1059 randae
485 1017 644 1072 puellae
671 1031 795 1071 spem
822 1017 1005 1067 abiecit;
1034 1031 1143 1070 opus
1170 1016 1301 1058 modo
1327 1017 1541 1058 rusticum
1564 1016 1680 1070 apud
1703 1030 1799 1058 eam

314 1096 455 1136 faeere
487 1095 593 1137 velit
630 1095 730 1146 (vss.
771 1095 928 1143 7—.1o‚
970 1094 1064 1134 70m-
1088 1094 1185 1145 80.>‚
1225 1095 1276 1133 ut
1314 1092 1541 1135 dominam
1578 1094 1800 1136 interdum

312 1172 458 1214 videre
485 1172 637 1226 possit.

373 1249 552 1304 Seriptae
580 1251 684 1291 sunt
711 1249 858 1301 elegiae
887 1250 932 1289 in
959 1249 1167 1290 Nemesin
1195 1261 1349 1289 omnes
1370 1250 1472 1301 post
1493 1249 1674 1290 tertium
1696 1249 1800 1290 Pro-

312 1328 443 1382 pertii
468 1327 630 1369 librum
658 1340 694 1368 a.
736 1328 803 1368 22.
845 1326 1024 1373 editum,
1066 1326 1189 1366 euius
1227 1325 1329 1367 libri
1367 1326 1564 1367 carmina
1601 1327 1800 1367 Tibullus

314 1406 474 1459 saepius
501 1405 713 1453 imitatur,
747 1407 795 1445 ut
834 1405 881 1445 in
923 1404 1021 1445 adn.
1063 1417 1179 1456 exeg.
1221 1403 1275 1444 ad
1311 1403 1366 1444 II.
1407 1404 1446 1444 4.
1486 1416 1571 1445 vss.
1614 1405 1798 1451 15Αν16,

316 1484 513 1532 27-33;
540 1482 594 1523 II.
625 1483 664 1523 6.
690 1496 752 1524 vs.
783 1483 834 1532 8;
861 1481 915 1523 ΙΙ.
947 1483 983 1521 3.
1012 1495 1096 1522 vss.
1124 1482 1192 1530 47,
1223 1482 1290 1531 56,
1320 1482 1388 1530 57,
1424 1481 1611 1522 71—76.
1651 1480 1799 1522 docui-

315 1573 440 1609 mus;
464 1560 599 1600 immo
624 1559 758 1600 etiam
780 1558 907 1612 Prop.
932 1558 1008 1599 III.
1034 1560 1071 1599 5.
1099 1561 1141 1599 et
1167 1559 1232 1599 12.
1257 1558 1470 1606 imitatur,
1489 1569 1582 1609 quae
1606 1557 1802 1598 carmina

314 1637 567 1691 Propertius
587 1636 740 1690 procul
762 1635 895 1676 dubio
920 1648 956 1675 a.
978 1636 1044 1676 0202.
1067 1648 1101 1675 a.
1124 1633 1223 1675 Chr.
1241 1647 1284 1674 11.
1305 1634 1491 1687 scripsit,
1524 1646 1623 1673 eum
1656 1633 1803 1686 Augu-

317 1716 409 1755 stus
437 1715 482 1754 in
511 1713 733 1755 Orientem
763 1712 1124 1766 proficisceretur,
1152 1714 1202 1753 ut
1228 1712 1354 1765 signa
1380 1710 1525 1752 Crassi
1566 1724 1591 1752 a
1629 1710 1804 1752 Parthis

317 1790 522 1843 adempta
548 1791 837 1842 recuperaret.

381 1865 553 1916 Quinta
579 1865 743 1919 scripta
769 1867 847 1914 est,
870 1868 1105 1918 postquam
1131 1866 1262 1916 poeta
1287 1863 1495 1905 Nemesin
1522 1877 1688 1904 annum
1715 1863 1804 1904 iam

320 1942 483 1983 amavit
510 1944 551 1983 et
575 1942 704 1996 plura
730 1942 777 1982 in
805 1954 901 1982 eam
929 1940 1126 1981 earmina
1164 1939 1340 1992 scripsit
1377 1941 1476 1991 (vss.
1519 1941 1804 1991 1092112.):
1854 1928 1857 1930 v

677 2095 684 2102 .
716 2095 723 2102 .
755 2065 867 2102 iaeeo
897 2076 989 2102 cum
1019 2064 1177 2101 saueius
1207 2074 1371 2100 annmn

530 2135 582 2174 Et
610 2136 723 2174 faveo
752 2135 908 2180 morbo,
939 2148 1030 2172 eum
1058 2135 1169 2172 iuvat
1197 2135 1284 2183 ipse
1315 2134 1441 2179 dolor,

482 2207 614 2256 Usque
643 2219 747 2244 eane
777 2206 995 2250 Nemesim,
1026 2205 1114 2242 sine
1146 2216 1223 2253 qua
1250 2216 1390 2242 versus
1419 2204 1522 2242 mihi
1550 2205 1685 2242 nullus

530 2278 663 2316 Verba
691 2279 826 2326 potest
852 2277 982 2314 iustos
1013 2277 1081 2314 aut
1109 2275 1286 2324 reperire
1315 2275 1450 2324 pedes.

318 2404 397 2445 Est
434 2403 567 2456 igitur
605 2404 791 2443 fortasse
831 2403 923 2443 haeo
962 2402 1103 2455 elegia
1138 2402 1187 2443 in
1223 2402 1336 2443 libro
1375 2400 1567 2442 seeundo
1609 2402 1805 2454 tempore

319 2481 490 2522 ultima.

377 2558 529 2610 Elegia
555 2555 755 2599 secunda
781 2557 841 2608 (in
868 2557 1062 2597 natalem
1090 2554 1284 2605 Cornuti,
1314 2556 1419 2596 novi
1445 2554 1606 2605 mariti)
1645 2553 1803 2605 scripta

321 2638 386 2676 est
411 2637 512 2688 post
537 2633 606 2674 IV.
644 2634 784 2681 Qssss„
825 2632 898 2672 ubi
939 2632 1175 2673 Cerinthus
1214 2630 1466 2682 (Cornutus)
1502 2629 1700 2672 nondum
1740 2629 1806 2668 est

324 2711 509 2752 maritus
538 2709 765 2764 Sulpieiae3
793 2710 955 2762 elegias
982 2712 1129 2751 autem
1155 2709 1225 2751 IV.
1261 2710 1388 2751 2—6.
1426 2710 1528 2762 post
1565 2704 1805 2748 secundum
