1942 3132
0 883 7 1258 v--w-v‹-w--.w-vv--
0 810 4 863 -<-2
0 741 3 787 ⁴-..
0 667 3 673 -

810 209 1028 242 nonanus
1047 211 1097 241 11.
1629 198 1695 235 321

201 331 321 379 sunt,
340 329 512 379 attinet,
530 329 713 372 maximi
729 328 948 371 momenti
964 331 1032 370 est
1047 328 1240 383 Appiani
1262 330 1571 373 testimonium
1589 330 1703 373 Bell.

203 405 295 450 civ.
335 406 408 450 IV.
453 408 533 449 38:
583 404 623 460 (ὁ
662 404 850 462 Καῖσαρ)
887 406 981 462 περὶ
1016 403 1176 451 Ἄκτιον
1219 410 1543 464 ναυαρχήσαντα
1581 405 1708 452 αὐτὸν

200 485 309 526 κατὰ
333 489 404 527 τοῦ
426 482 632 527 Ἀντωνίου
668 485 891 541 στρατηγὸν
929 481 1107 540 ἔπεμψεν
1144 482 1209 526 ἐπὶ
1248 482 1430 531 Κελτοὺς
1473 483 1703 543 ἀφισταμέ-

202 574 311 610 νους,
349 554 468 603 unde
513 560 770 604 Messallam
815 563 918 615 post
962 574 1158 616 pugnam
1194 561 1419 603 Actiacam
1458 562 1608 603 statim
1646 561 1702 603 ad

202 637 371 680 bellum
395 638 709 693 Aquitanicum
733 639 983 692 profectum
1021 651 1118 680 esse
1156 637 1311 689 elucet,
1355 651 1489 693 quare
1529 638 1707 693 expedi·

202 713 374 756 tionem
397 715 659 757 orientalem
679 715 784 770 post
802 714 973 756 bellum
994 714 1309 769 Aquitanicum
1329 715 1584 769 ponendam
1607 727 1707 756 esse

202 791 299 833 iure
326 792 578 846 suspiceris.
606 791 730 834 Idem
755 791 909 834 testari
933 790 1111 834 videtur
1134 791 1337 834 Tibullus
1362 792 1470 846 ipse,
1498 792 1574 846 qui
1599 791 1632 833 L
1661 792 1702 833 7.

202 869 398 922 primum
423 883 495 912 res
531 868 752 912 Messallae
790 869 839 911 in
877 868 1023 912 Gallia
1059 872 1207 924 gestas
1245 871 1564 912 commemorat
1599 870 1700 920 (ves.

203 945 395 998 9—12.)‚
412 945 573 989 deinde
591 949 823 989 enumerat
835 947 1090 1002 provincias
1106 947 1346 989 orientales
1362 948 1463 998 (vss.
1486 946 1703 998 13—22.)‚

203 1034 314 1076 quas
337 1021 550 1065 Messalla
573 1023 759 1077 pacavit.

261 1099 384 1141 Adde
409 1100 719 1142 testimonium
744 1101 772 1143 l.
800 1101 834 1144 I.
863 1101 971 1156 eleg.
1001 1102 1040 1143 3.
1066 1101 1268 1144 Tibullus
1293 1113 1453 1143 navem
1491 1089 1703 1142 conscen-

203 1174 269 1217 dit
293 1176 611 1227 (verisimiliter
633 1176 893 1231 Brundisii),
919 1180 970 1220 ut
995 1178 1051 1220 ad
1076 1177 1402 1233 expeditionem
1440 1176 1703 1219 orientalem

201 1250 565 1306 proficisceretur,
594 1252 671 1295 sed
696 1254 814 1296 inter
832 1254 1134 1308 navigandum
1155 1255 1278 1309 gravi
1298 1254 1454 1296 morbo
1475 1255 1704 1307 correptus

201 1328 251 1370 in
289 1327 479 1383 Corcyra
515 1331 745 1382 remansit,
786 1331 997 1374 Messalla
1036 1334 1184 1374 autem
1227 1335 1272 1374 et
1313 1332 1421 1374 socii
1460 1345 1542 1386 per
1580 1343 1700 1372 mare

199 1404 410 1460 Aegaeum
437 1406 534 1448 sine
561 1419 613 1450 eo
645 1408 915 1462 navigarunt
951 1422 1105 1451 versus
1143 1408 1383 1451 Orientem.
1423 1408 1519 1451 Vss.
1563 1408 1702 1450 1-2:

361 1517 479 1557 Ibitis
507 1519 676 1568 Aegaeas
704 1520 794 1559 sine
822 1533 900 1565 me.
929 1521 1135 1568 Messalla,
1164 1533 1239 1571 per
1266 1521 1413 1568 undas,

416 1587 450 1627 Ο
478 1590 639 1629 utinam
668 1603 871 1630 memores
898 1592 987 1642 ipse
1016 1591 1243 1643 cohorsque
1272 1592 1366 1638 mei,

202 1712 414 1755 docemur
437 1718 632 1757 veterem
658 1716 747 1757 iam
773 1717 910 1758 fuisse
949 1718 1067 1759 inter
1102 1717 1326 1759 Tibullum
1365 1720 1409 1760 et
1444 1717 1702 1760 Messallam

202 1789 518 1845 cohortemque
546 1792 642 1834 eius
667 1793 936 1835 amicitiam:
964 1793 1081 1836 unde
1108 1798 1287 1848 poetam
1312 1795 1362 1836 in
1386 1795 1567 1837 cohorte
1591 1808 1701 1849 prae-

201 1867 317 1908 toria
342 1867 430 1909 iam
456 1867 625 1910 diutius
649 1869 866 1912 meruisse
899 1872 943 1911 et
980 1870 1096 1912 bello
1133 1871 1398 1925 Aquitanico
1437 1873 1526 1914 iam
1564 1873 1701 1914 inter⁴

201 1943 341 1986 fuisse
367 1946 574 1988 conicias.
602 1946 864 1989 Exsecratur
890 1947 1049 1990 deinde
1075 1962 1192 2002 eum,
1231 1950 1306 2004 qui
1344 1949 1577 1999 diuturnas
1616 1948 1699 1991 sibi

201 2021 385 2063 militias
412 2023 630 2076 optaverit
656 2025 757 2076 (vss.
786 2024 1017 2077 81—82.):

525 2162 535 2172 .
563 2163 572 2171 .
604 2163 614 2172 .
645 2135 889 2185 quicumque
916 2147 1031 2175 meos
1058 2137 1227 2177 violavit
1255 2151 1414 2177 amores

417 2202 586 2254 Optavit
614 2205 748 2243 lentas
776 2207 818 2245 et
844 2207 951 2245 mihi
979 2208 1185 2252 militias:

202 2325 256 2368 de
282 2327 444 2370 militia
470 2331 617 2371 autem
645 2329 857 2373 diuturna
882 2335 999 2374 certe
1025 2346 1118 2376 non
1144 2336 1365 2389 potuisset
1390 2337 1590 2380 Tibullus
1616 2338 1699 2381 hoc

201 2405 402 2458 tempore
425 2405 564 2461 loqui,
590 2407 679 2449 nisi
705 2411 807 2451 ante
833 2410 1159 2466 expeditionem
1186 2414 1464 2466 orientalem,
1491 2415 1546 2458 ad
1567 2430 1699 2471 quam

201 2482 310 2522 tunc
334 2481 478 2525 iturus
512 2488 619 2533 erat,
645 2484 762 2527 bello
787 2486 963 2530 cuidam
989 2486 1200 2532 diuturno
1227 2491 1513 2535 interfuisset.

260 2558 396 2601 Poeta
422 2573 474 2602 ex
498 2559 688 2616 Corcyra
711 2576 914 2607 reversus
940 2569 1007 2608 est
1031 2566 1234 2610 Romam.
1261 2568 1373 2611 Tum
1399 2571 1577 2625 scripsit
1602 2572 1629 2613 l.
1663 2572 1696 2613 Ι.

203 2636 312 2691 eleg.
346 2639 396 2688 1.,
424 2638 501 2680 ubi
527 2652 613 2682 vss.
641 2641 842 2684 25—26:

273 2807 449 2842 Nemeaehy:
467 2809 552 2837 Λιωι·
572 2809 693 2839 mmm
711 2812 876 2841 munina.
1509 2806 1550 2840 2¹
