1942 3132
672 267 680 276 ο
751 231 809 262 m
828 232 877 262 11.
900 230 936 271 5,
959 230 1126 262 ss—se.
1618 219 1690 254 289

187 351 278 394 telo
304 350 536 405 Supplices
562 350 666 393 audi
690 363 865 406 pueros,
891 350 1095 404 Apollo».
1122 375 1180 379 —
1206 348 1427 406 R·odi9ia
1451 350 1691 396 indomitis

189 439 339 485 merye
357 427 441 470 sub
468 427 745 484 aequoribus,
769 426 877 469 tolle
902 427 951 468 in
977 430 1207 481 posterum
1232 428 1447 482 prodigia.
1464 428 1687 472 Monstro-

188 518 261 548 sos
306 509 460 560 partus
507 504 682 560 aliaque
726 507 934 558 portenta
980 504 1247 558 expiationis
1293 518 1426 547 causa
1472 506 1519 548 in
1565 520 1688 550 mare

186 583 386 637 proicere
412 582 616 624 solebant
641 581 845 624 Romani.
875 580 946 624 Sic
972 582 1108 623 etiam
1130 582 1354 636 Apollinis
1380 583 1685 635 simulacrum,

187 659 305 715 quod
344 660 479 714 paulo
521 662 625 702 ante
663 661 851 701 mortem
891 658 1112 714 Scipionis
1147 660 1344 702 Atricani
1384 660 1573 702 minoris
1609 675 1691 715 per

187 740 277 780 tres
303 737 398 779 dies
422 737 616 798 fleverat,
645 736 872 778 concisum
898 739 942 778 et
968 736 1015 778 in
1039 750 1162 779 mare
1200 738 1449 792 proiectum
1475 741 1543 780 est
1574 741 1687 780 teste

187 815 332 858 Dione
359 814 513 858 Cassio
544 814 724 869 Excerp.
751 814 938 856 Peiresc.
966 828 1011 857 n.
1041 815 1108 857 38.
1136 814 1275 857 Poeta
1310 815 1447 870 igitur
1473 818 1609 869 optat,
1637 819 1690 858 ut

186 892 346 946 Apollo
386 893 434 934 in
469 894 699 947 posterum
735 891 832 946 ipse
870 891 1002 934 tollat
1037 891 1254 947 prodigia,
1295 894 1534 946 antequam
1561 894 1688 935 eain

186 971 473 1024 conspectum
511 969 745 1011 hominum
773 970 966 1020 veniant,
999 969 1244 1024 liberetque
1282 969 1499 1024 populum
1523 969 1687 1011 Roma-

187 1061 295 1089 num
322 1047 529 1101 religioso
555 1049 692 1089 metu.
710 1071 766 1075 —
789 1045 1027 1090 indomitis
1052 1080 1063 1089 .
1093 1081 1101 1089 .
1134 1081 1142 1090 .
1170 1047 1448 1103 aequoribus,
1473 1050 1524 1090 ut
1551 1061 1689 1102 supra.

187 1124 242 1166 II.
272 1126 311 1175 3,
339 1126 422 1167 45:
455 1123 746 1166 «indomitum
773 1137 939 1166 mare».
966 1149 1025 1153 ——
1058 1121 1114 1166 Ut
1151 1137 1367 1167 succensa
1404 1124 1551 1168 sacris
1584 1137 1685 1168 cre-

179 1202 302 1257 pitat
342 1200 451 1244 bene
490 1201 652 1244 laurea
688 1201 907 1257 flammis,
934 1201 1276 1244 comburebatur
1299 1201 1453 1244 laurus
1478 1202 1526 1243 in
1553 1202 1686 1244 sacri·

185 1278 298 1321 ficiis
324 1282 368 1320 et
392 1278 587 1333 crepitus
624 1277 907 1320 flammarum
945 1278 1112 1320 bonum
1151 1293 1285 1321 omen
1322 1279 1588 1333 putabatur;
1630 1279 1683 1322 cf.

186 1355 265 1398 Ov.
291 1355 408 1397 Fast.
437 1354 509 1397 IV.
539 1356 651 1397 742:
675 1355 755 1397 «Et
771 1358 920 1410 crepet
935 1356 984 1397 in
1000 1355 1159 1398 mediis
1184 1357 1338 1398 laurus
1360 1356 1519 1398 adusta
1545 1357 1680 1398 focis»

186 1436 231 1475 et
254 1433 358 1476 ibid.
386 1433 420 1475 L
451 1434 563 1476 344:
596 1433 676 1475 «Et
699 1447 792 1475 non
818 1434 976 1488 exiguo
1008 1433 1162 1476 laurus
1189 1433 1348 1476 adusta
1373 1447 1528 1484 sono»;
1555 1433 1683 1488 Verg.

180 1510 271 1553 Ecl.
312 1512 351 1559 8,
393 1511 476 1554 81:
509 1509 700 1565 «Sparge
736 1511 904 1553 molam
943 1514 988 1553 et
1026 1512 1206 1566 fragiles
1242 1511 1430 1553 incende
1463 1511 1686 1553 bitumine

178 1588 374 1631 laurus».
402 1587 500 1630 Hoc
538 1589 635 1630 loco
673 1588 819 1643 agitur
859 1588 912 1630 de
955 1588 1170 1631 sacrificio
1213 1589 1282 1631 die
1324 1588 1685 1643 inaugurationis

179 1664 412 1706 Messalini
436 1664 635 1719 Apollini
662 1664 824 1715 oblat0‚
859 1665 912 1708 de
939 1679 1026 1720 quo
1053 1667 1106 1708 cf.
1135 1680 1270 1720 supra
1286 1680 1348 1709 vs.
1369 1668 1500 1708 5——6.
1528 1665 1683 1709 Simile

181 1744 249 1782 est
273 1740 329 1783 H.
361 1742 396 1790 1,
426 1742 629 1784 25—26:
662 1741 830 1784 «Viden
867 1750 916 1786 ut
954 1743 1159 1785 felicibus
1186 1744 1297 1785 extis
1324 1742 1551 1797 Significet
1588 1744 1682 1798 pla-

179 1818 304 1860 cidos
329 1819 489 1861 nuntia
526 1818 639 1860 fibra
665 1818 815 1868 deos»,
843 1819 919 1861 ubi
945 1822 996 1861 ut
1033 1819 1117 1862 hoc
1154 1821 1252 1862 loco
1291 1821 1438 1874 agitur
1463 1819 1517 1862 de
1543 1820 1686 1874 signis

180 1895 290 1936 anni
316 1894 460 1937 felicis
485 1895 532 1937 in
559 1895 773 1938 sacrificio
800 1896 1059 1939 observatis.
1087 1922 1140 1926 —-
1174 1895 1337 1940 Omine
1375 1909 1464 1955 quo
1501 1897 1617 1954 felia·
1642 1899 1686 1941 et

180 1984 313 2015 sacer
352 1985 506 2015 antius
549 1972 650 2027 erit,
691 1973 743 2015 cf.
787 1972 863 2016 Ov.
907 1973 1025 2016 Fast.
1061 1974 1094 2016 I.
1123 1976 1204 2017 26:
1239 1974 1451 2029 «Auspice
1492 1977 1536 2016 te
1578 1974 1682 2016 felix

179 2052 301 2091 totus
339 2053 388 2090 ut
424 2062 570 2091 annus
609 2053 723 2092 eat».
750 2075 809 2079 —
834 2063 974 2104 sacer,
1000 2052 1046 2093 in
1080 2051 1221 2094 tutela
1258 2052 1468 2101 deorum;
1495 2052 1551 2095 cf.
1577 2051 1678 2095 adn.

180 2139 314 2180 supra
340 2126 395 2168 ad
420 2126 454 2168 Ι.
484 2128 522 2176 2,
553 2128 633 2169 27:
667 2140 944 2182 «sacerque».
1619 2182 1622 2185 v

239 2203 288 2246 V.
317 2205 505 2247 83-86.
534 2202 769 2249 Dis-tendet
794 2205 930 2261 spicis
955 2205 1121 2249 horrea
1141 2206 1283 2263 plena
1311 2205 1461 2262 CereS,
1486 2210 1536 2249 ut
1551 2207 1680 2262 Verg.

180 2280 257 2323 Ge.
276 2288 280 2292 ’
298 2281 369 2323 IV,
415 2283 511 2324 164.
551 2282 605 2324 de
643 2281 827 2336 apibus:
872 2283 952 2325 «Et
989 2267 1159 2338 liquido
1201 2284 1463 2327 distendunt
1501 2288 1680 2327 nectare

178 2358 338 2400 cellas·
372 2361 415 2401 et
455 2359 563 2401 Aen.
591 2357 625 2400 L
652 2359 766 2402 433:
799 2359 941 2402 «dulci
982 2360 1245 2403 distendunt
1281 2367 1461 2404 nectare
1499 2362 1680 2404 cellas».

178 2434 244 2478 Cf.
296 2435 430 2478 etiam
479 2435 607 2490 Verg.
660 2434 736 2479 Ge.
780 2435 813 2478 Ῑ.
851 2438 936 2481 49:
983 2437 1135 2480 «Illius
1181 2439 1412 2481 immensae
1462 2443 1682 2494 ruperunt

181 2512 341 2554 horrea
388 2525 603 2555 messeso.
642 2537 700 2542 -—
745 2510 923 2557 Oblitus
968 2515 1010 2557 et
1056 2517 1207 2558 musto
1257 2515 1385 2572 seviet
1427 2515 1543 2572 pede
1591 2530 1676 2559 ‘ru-

177 2588 318 2631 sticus
342 2601 474 2643 uvas,
499 2589 552 2631 cf.
580 2588 706 2644 Verg.
737 2589 815 2633 Ge.
854 2590 909 2632 H.
950 2592 1092 2635 7-8:
1126 2591 1262 2643 nHuc,
1301 2597 1427 2647 pater
1452 2606 1477 2635 o
1504 2593 1675 2643 Lenaee,

177 2667 281 2709 veni
306 2666 560 2722 nudataque
591 2670 740 2710 musto
766 2667 935 2723 Tingue
962 2682 1078 2711 novo
1115 2683 1290 2711 mecum
1330 2669 1524 2725 dereptis
1550 2684 1679 2712 crura

177 2743 432 2786 cothurnis»
464 2746 509 2786 et
532 2743 661 2799 Pmp.
688 2745 767 2787 III.
799 2746 867 2796 17,
897 2746 1096 2789 17—--182
1128 2746 1268 2788 «Dum
1294 2746 1427 2789 modo
1454 2759 1676 2800 purpureo

250 2837 429 2873 Nememu:
446 2838 531 2867 Λιωι
552 2838 672 2867 mum
689 2839 854 2869 camina.
1490 2828 1532 2862 19
