1942 3132
4 2501 8 2506 ,
0 2480 7 2483 v
0 2348 10 2457 -r--n-q-

18 2552 29 2564 θ

767 227 825 258 u>
844 226 875 258 1.
898 223 935 265 4,
956 223 1125 258 21—26.
1656 204 1702 246 71'

191 345 322 391 Trist.
349 346 421 390 IV.
451 348 494 399 6,
521 348 575 390 9:
608 345 827 401 «Tempus
849 345 903 387 ut
923 343 1120 386 extensis
1146 343 1320 384 tumeat
1346 343 1453 384 facit
1469 357 1556 386 uva
1580 357 1703 386 race-

191 406 323 469 mis».
352 447 411 453 —-
437 422 604 467 Annus
630 421 730 478 agit
755 422 880 464 certa
906 417 1064 463 lucida
1088 418 1224 475 siyna
1262 419 1368 469 m'ce,
1409 434 1556 463 annus
1582 425 1703 464 certo

194 498 352 542 ordine
379 498 527 541 sidera.
553 497 759 548 adducit;
786 497 840 539 cf.
869 494 1030 539 catull.
1061 496 1131 544 64,
1172 496 1226 538 4:
1274 495 1360 538 «Ut
1384 496 1546 539 cedant
1572 500 1705 541 certis

194 575 343 619 sidera
366 576 690 631 temporibus».

253 651 306 696 V.
333 653 525 695 21—026.
553 650 647 696 Nec
672 650 832 695 iurare
849 649 958 693 time
977 652 1073 698 etc„
1097 648 1224 690 locus
1246 650 1500 693 communis
1523 650 1577 693 de
1608 666 1706 706 per-

193 728 324 772 iuriis
340 728 606 771 amantium.
629 751 689 757 —
718 724 904 769 Veneris
923 724 1140 781 periuria
1156 725 1278 769 venti
1293 723 1438 770 Irrita
1457 740 1545 783 per
1561 730 1708 772 terras

193 806 236 847 et
260 803 382 862 freta
408 816 594 847 summa
617 802 788 861 ferunt,
813 801 1040 844 Tibullum
1057 801 1264 843 imitatur
1278 801 1415 857 Lygd.
1436 804 1475 853 6,
1500 805 1707 848 49—50:

201 883 423 937 «periuria
435 882 550 924 ridet
567 882 801 924 amantum
815 879 1020 934 Iuppiter
1035 882 1080 920 et
1092 875 1396 936 ventosssirrita
1409 882 1523 924 ferre
1538 883 1705 933 iubet»,

196 958 480 1014 Lygdamum
507 958 583 1002 Ov.
610 957 660 1000 A.
698 957 748 1000 A.
776 957 809 1000 Ι.
847 957 1112 1000 633-634:
1160 956 1389 1012 «Iuppiter
1414 973 1467 1001 ex
1491 961 1583 1003 alto
1610 976 1709 1016 per-

196 1038 313 1080 iuria
337 1037 454 1080 ridet
479 1038 713 1079 amantum
745 1035 804 1077 Et.
835 1034 962 1077 iubet
996 1034 1179 1076 Aeolios
1216 1035 1344 1078 irrita
1383 1037 1496 1079 ferre
1529 1043 1707 1083 notos».

197 1113 261 1157 Cf.
291 1115 427 1157 etiam
450 1114 528 1158 Ov.
555 1114 654 1156 Am.
679 1113 736 1164 H,
769 1114 836 1163 16,
864 1113 1071 1155 45-46;
1103 1112 1274 1156 «Ver-ba.
1299 1115 1565 1168 puellarum,
1586 1118 1708 1161 foliis

196 1191 368 1234 leviore.
392 1190 584 1240 caducis,
607 1190 751 1235 Irrita.
771 1202 859 1244 qua.
874 1189 1022 1232 visum
1040 1192 1120 1238 est,
1139 1191 1301 1232 ventus
1318 1194 1362 1232 et
1375 1191 1497 1234 unda
1515 1194 1709 1237 ferunt».

196 1268 420 1312 Dicuntm·
455 1271 657 1312 ceterum·
690 1268 856 1317 omnia,
898 1280 995 1322 quae
1033 1266 1090 1309 ad
1127 1266 1307 1309 irritum
1344 1268 1522 1319 cadunt,
1563 1274 1710 1316 ventis

199 1346 376 1396 ausen-i,
405 1349 457 1388 ut
475 1346 595 1388 infra
618 1345 654 1387 Ι.
681 1346 722 1394 5,
742 1344 943 1387 35—36:
971 1357 1092 1398 «quae
1109 1356 1231 1386 nunc
1248 1358 1469 1400 eurusque
1486 1351 1710 1404 notusque

197 1424 342 1466 Iactat
382 1422 591 1465 odoratos
626 1424 733 1464 vota.
768 1435 850 1476 per
884 1421 1180 1472 Armenios»;
1220 1419 1384 1464 Catull.
1425 1424 1493 1474 30,
1536 1426 1710 1469 9—10:

205 1504 309 1543 «tua.
333 1501 453 1543 dicta
479 1500 632 1543 omnia
671 1500 878 1553 factaque
902 1498 1073 1541 Ventos
1111 1498 1240 1540 irrita
1282 1499 1395 1542 ferre
1435 1514 1486 1543 ac
1522 1503 1713 1547 nebulas

199 1578 346 1621 aerias
373 1579 510 1620 sinis»
542 1579 587 1619 et
612 1578 683 1629 64,
706 1577 816 1619 142:
848 1575 981 1628 «Quae
1003 1577 1163 1618 cuncta
1181 1576 1292 1618 aerii
1309 1576 1571 1633 discerpunt
1587 1581 1714 1623 irrita

200 1656 367 1706 venun
391 1655 519 1709 Verg.
538 1655 647 1697 Aen.
663 1653 739 1696 IX.
770 1654 1006 1696 312—313
1027 1669 1036 1695 :
1069 1652 1240 1694 «Multa
1259 1655 1377 1709 patri
1394 1656 1611 1699 mandata
1637 1657 1712 1699 da-

201 1733 279 1775 bat
304 1732 537 1788 portanda,
568 1732 645 1774 sed
672 1745 790 1773 aurae
817 1730 981 1773 Omnia
1008 1729 1268 1783 discerpunt
1294 1733 1339 1772 et
1363 1731 1560 1775 nubibus
1586 1734 1715 1776 irrita.

203 1810 428 1860 donant-3
454 1810 592 1865 Lygd.
620 1811 662 1859 4,
691 1810 896 1852 95—96:
932 1808 1062 1849 «Haec
1095 1806 1204 1850 deus
1246 1807 1294 1849 in
1320 1809 1484 1851 melius
1515 1812 1715 1853 crudelia

205 1887 382 1930 somnia
402 1891 547 1928 vertat
572 1886 629 1928 Et
653 1886 806 1927 iubeat
830 1884 1008 1939 tepidos
1025 1884 1151 1926 irrita
1168 1885 1283 1926 ferre
1301 1887 1458 1927 notos»
1479 1902 1489 1936 ;
1518 1886 1595 1930 Ov.
1613 1888 1711 1930 Am.

204 1965 259 2007 II.
290 1965 329 2013 8,
363 1964 566 2006 19—20:
594 1963 684 2004 «Tu
709 1961 806 2011 dea,
833 1965 885 2003 tu
909 1961 1066 2003 iubeas
1093 1961 1232 2003 animi
1259 1962 1458 2016 periuria
1482 1964 1584 2017 puri
1611 1963 1716 2007 Car-

204 2041 412 2097 pathium
434 2039 607 2094 tepidos
633 2053 711 2094 per
739 2052 863 2081 mare
902 2039 1015 2080 ferre
1042 2041 1218 2080 notos».
1248 2062 1305 2067 —
1337 2036 1502 2083 Gratia
1539 2053 1716 2099 mayna

206 2117 333 2162 Iovi:
368 2116 505 2159 vetuit
539 2118 676 2172 pater
714 2115 811 2171 ipse
842 2115 1009 2170 valere,
1045 2114 1247 2158 Iurasset
1286 2115 1448 2172 cupide
1489 2117 1716 2176 quidquid

206 2195 387 2250 ineptus
409 2205 555 2244 amor,
584 2192 747 2235 similis
773 2192 1000 2235 sententia
1013 2192 1206 2234 occurrit
1222 2194 1312 2234 iam
1330 2193 1449 2248 apud
1465 2194 1715 2239 Hesiodum

207 2273 321 2313 teste
346 2269 553 2325 Apollod.
581 2269 677 2311 Bib.
705 2269 761 2310 II.
791 2271 848 2312 5:
876 2269 941 2311 διό
967 2283 1093 2327 φησιν
1121 2268 1319 2318 Ἡσίοδος
1355 2268 1431 2314 οὐκ
1457 2269 1716 2315 ἐπισπᾶσθαι

206 2350 279 2405 τὴν
306 2345 389 2390 ἀπὸ
415 2354 490 2389 τῶν
517 2348 629 2389 θεῶν
654 2344 779 2404 ὀργὴν
804 2348 899 2394 τοὺς
924 2350 1187 2404 γιγνομένους
1226 2345 1376 2402 ὅρκους
1410 2345 1508 2405 ὑπὲρ
1535 2348 1715 2405 ἔρωτος;

209 2425 262 2467 cf.
302 2424 412 2466 Plat.
453 2423 623 2465 Phileb.
665 2436 706 2477 p.
749 2424 818 2466 65.
858 2436 893 2465 c.
916 2439 926 2465 ε
963 2426 1036 2466 καὶ
1075 2423 1117 2466 ἐν
1156 2429 1246 2472 ταῖς
1283 2423 1455 2482 ἡδοναῖς
1493 2432 1584 2474 ταῖς
1623 2428 1718 2482 περὶ

209 2500 243 2544 τ’
261 2499 487 2560 ἀφροδίσια
506 2533 516 2543 .
536 2531 547 2541 .
565 2532 575 2542 .
602 2501 675 2542 καὶ
698 2502 744 2542 τὸ
770 2498 972 2556 ἐπιορκεῖν
999 2503 1238 2558 συγγνώμην
1265 2498 1414 2559 εἴληφε
1439 2506 1552 2559 παρὰ
1577 2504 1716 2552 &etium

211 2576 387 2620 Gallim.
413 2577 549 2618 Anth.
578 2575 670 2618 Pal.
699 2575 748 2617 V.
777 2578 831 2619 5:
856 2574 1049 2634 Ὤμοσεν·
1076 2575 1188 2620 ἀλλὰ
1212 2578 1401 2631 λέγουσιν
1428 2577 1598 2637 ἀληθέα
1623 2581 1717 2626 τοὺς

212 2653 255 2698 ἐν
282 2654 402 2711 ἔρωτι
426 2653 605 2710 Ὅρκοος
634 2657 690 2711 μὴ
718 2653 850 2697 δύνειν
875 2651 988 2698 οὔατ’
1016 2654 1060 2704 ἐς
1087 2653 1324 2698 ἀθανάτων.
1363 2655 1555 2699 Causam
1583 2656 1717 2698 huius

212 2731 276 2775 rei
303 2731 453 2773 iocose
467 2731 614 2784 tangit
640 2729 717 2772 Ov.
745 2731 794 2772 A.
822 2731 871 2773 A.
898 2731 932 2774 L
962 2733 1098 2775 635-
1113 2733 1224 2775 636:
1259 2732 1368 2775 «Per
1393 2731 1529 2786 Styga
1555 2731 1717 2773 Iunoni
