1942 3132
263 207 338 241 106*
822 218 879 250 An
900 222 930 268 1⁴
957 220 1012 259 10,
1037 218 1205 250 45—52.

260 339 428 380 tardas
465 339 547 380 sub
598 337 705 394 iuga
758 338 923 392 panda·
962 339 1123 380 boves»
1182 341 1225 379 et
1278 338 1383 379 Her.
1430 339 1488 387 63⁷·
1524 338 1770 380 10:2‹11513e

262 429 411 458 sacros
436 415 596 458 Martis
624 416 705 458 sub
732 416 837 470 iuga
861 416 1012 470 panda
1046 416 1213 458 boves»
1248 419 1291 457 et
1315 416 1380 457 Ex
1399 416 1530 458 Pont.
1559 416 1592 457 Ι.
1623 417 1661 465 8,
1687 406 1770 458 54':

267 494 461 535 «Ducam
488 493 702 535 ruricolas
730 492 810 534 sub
832 493 943 546 iuga
968 507 1102 535 curva
1127 493 1304 535 boves».
1325 518 1384 524 ——
1409 504 1543 535 sucos
1568 490 1774 535 condidit

261 570 385 622 u¹vae‚'
430 571 635 612 condere
676 571 920 625 amphoris,
976 574 1027 612 ut
1078 570 1186 612 Hor.
1232 569 1375 612 Carm.
1420 571 1452 612 Ι.
1507 562 1575 619 ΞΟ,
1608 564 1772 611 »1--33

269 646 390 688 «Vile
429 647 606 700 potabis
644 646 832 688 modicis
859 644 1076 688 Sabinum
1105 645 1355 693 cantharis,
1386 635 1538 687 Graeca
1556 645 1674 699 quod
1691 656 1771 698 ego

267 725 363 778 ipse
389 726 507 765 testa
535 723 776 765 Conditum
803 724 943 766 levi».··
963 749 1022 752 —
1049 723 1279 768 Funderet
1317 727 1367 766 ut
1393 727 1501 767 nato
1541 726 1657 768 testa
1683 736 1771 778 pa-

266 802 396 842 terna
437 811 628 850 merum,
673 799 823 841 locum
864 799 1068 841 imitatur
1109 799 1185 841 Ov.
1227 801 1275 841 A.
1315 800 1363 842 A.
1405 801 1459 841 II.
1491 802 1603 842 695:
1637 798 1773 840 «mihi

264 877 423 918 fundat
449 876 618 919 avitum
636 875 914 919 'Consulibus
940 877 1098 930 priscis
1126 878 1306 919 condita
1330 880 1447 919 testa
1471 891 1686 919 merum».
1715 900 1774 906 —-

263 951 382 995 Pace
426 951 582 995 bidens
622 952 880 1007 vomerque*
901 953 1060 1005 nitent,
1102 955 1149 995 at
1191 953 1345 995 tristia
1383 952 1490 995 duri
1529 951 1690 996 Militis
1727 953 1776 994 in

267 1029 466 1072 tenebris
504 1032 692 1085 occupat
729 1042 866 1072 arma
903 1029 1031 1078 situs,
1073 1030 1266 1071 imitatio
1292 1030 1379 1071 loci
1407 1030 1523 1084 apud
1550 1029 1773 1071 OwFast

264 1108 335 1149 IV.
378 1108 641 1150 92749028:
675 1106 882 1150 «sarcula
922 1120 1044 1148 nunc
1083 1106 1306 1160 durusque
1346 1106 1503 1148 bidens
1545 1108 1586 1147 et
1623 1119 1777 1148 vomer

267 1183 480 1233 aduncus,
519 1182 653 1224 Ruris
701 1196 820 1236 opes,
870 1183 1058 1227 niteant.
1109 1183 1317 1236 inquinet
1364 1196 1487 1223 arma
1535 1183 1689 1224 situs».
1718 1206 1777 1210 —

270 1258 427 1301 bidem
465 1271 724 1313 vomerque,
761 1258 969 1300 bidentisn
995 1259 1044 1300 in
1081 1259 1226 1300 vineis
1255 1261 1299 1299 et
1324 1257 1480 1307 hortis,
1509 1258 1702 1300 vomeris
1730 1258 1776 1299 in

267 1336 384 1387 agris
411 1348 519 1377 usus
534 1349 546 1384 ;
585 1334 742 1376 bidens
781 1337 825 1375 et
864 1337 1061 1376 aratrum
1087 1347 1180 1375 una
1205 1336 1616 1375 commemorantur
1641 1334 1777 1375 etiam

266 1412 298 1452 Ι.
333 1412 368 1457 1,
399 1412 603 1453 929ρΒοε
637 1410 751 1451 «Nec
777 1412 930 1451 tamen
956 1410 1181 1451 interdum
1207 1409 1376 1463 pudeat
1397 1410 1596 1451 tenuisse
1622 1407 1776 1451 biden*

266 1493 371 1538 tem,
399 1488 488 1529 Aut
514 1488 697 1529 stimulo
724 1487 875 1529 tardos
915 1487 1190 1540 increpuisse
1216 1486 1376 1528 boves»
1410 1489 1452 1527 et
1477 1487 1533 1528 ΙΙ.
1565 1487 1603 1536 3,
1633 1488 1775 1529 5—7:

274 1578 432 1618 «quam
459 1564 635 1605 fortiter
660 1562 1015 1605 illicVe'rsarem
1042 1563 1189 1605 valido
1228 1563 1394 1617 pingue
1422 1562 1600 1604 bidente
1630 1563 1776 1604 solum

266 1641 574 1695 Agricolaeque·
596 1641 745 1682 ·modo
789 1653 972 1682 curvum
1015 1643 1208 1683 sectarer
1250 1643 1488 1681 aratrum».
1529 1654 1588 1668 ——·
1619 1640 1778 1693 nitemg

268 1722 448 1773 propter
473 1722 618 1760 usum'.
647 1742 707 1746 ἡ*
733 1720 921 1772 occupat
944 1731 1097 1760 orma
1133 1717 1262 1766 situs,
1305 1730 1360 1758 sc.
1403 1717 1557 1770 robigo
1596 1720 1780 1770 propter

269 1798 430 1846 situm3
458 1797 510 1837 cf.
539 1796 648 1837 Hor.
678 1794 767 1837 Sat.
796 1796 850 1837 Π.
887 1797 921 1844 1,
949 1797 1034 1837 43:
1060 1795 1297 1849 «Iuppiter,
1325 1797 1375 1836 ut
1401 1796 1556 1848 pereat
1581 1791 1779 1847 positum

269 1874 471 1927 robigine
509 1873 692 1914 telum».
721 1897 780 1900 -—
807 1872 1017 1916 Rusticus
1055 1885 1077 1914 e
1117 1871 1320 1927 lucoque,
1359 1871 1476 1912 inter
1514 1884 1602 1913 vss.
1636 1872 1704 1912 50.
1737 1872 1780 1912 et

268 1951 339 1992 51.
368 1949 577 1992 videntur
615 1949 830 1991 excidisse
870 1950 1042 2003 aliquot
1067 1962 1221 1991 versus
1247 1949 1302 1990 de
1329 1949 1446 1990 bona
1484 1961 1628 1990 messe
1657 1945 1779 1989 etde

272 2028 397 2069 festis
437 2027 553 2068 laetis
593 2027 888 2075 rusticorum3
930 2026 1049 2068 idem
1087 2027 1303 2074 transitus
1345 2026 1408 2067 ΙΙ.“
1436 2027 1476 2074 5,
1505 2026 1693 2067 84-90,
1721 2040 1810 2054 ——·

271 2116 293 2144 e
322 2103 525 2157 lucoque,
567 2116 622 2144 sc.
667 2116 689 2143 e
728 2103 830 2143 luco
872 2115 1009 2152 sacro,
1049 2103 1126 2144 ubi
1162 2103 1325 2144 festum
1366 2101 1467 2154 egit.
1495 2124 1555 2129 —
1577 2100 1782 2156 lucoque,

272 2180 528 2220 coniunctio
546 2191 659 2234 -que
683 2183 788 2233 post
812 2180 994 2221 tertium
1022 2181 1254 2221 sententiae
1280 2179 1488 2228 verbum3
1515 2177 1619 2219 talis
1646 2175 1781 2219 collo‘-

273 2258 388 2298 catio
427 2257 760 2299 coniunctionis
800 2260 867 2299 est
904 2257 1080 2299 Tibullo
1117 2256 1311 2310 propria.
1340 2280 1399 2284 ——
1423 2255 1546 2298 male
1584 2253 1778 2303 sobrius,

274 2332 434 2378 ebrius,
474 2334 524 2372 ut
563 2331 638 2373 Ov.
677 2332 796 2374 Fast.
837 2333 908 2374 VI.
952 2334 1064 2374 785:
1086 2315 1089 2316 ⁷
1113 2333 1248 2373 «Ecce
1300 2331 1555 2373 suburbana
1605 2329 1780 2371 rediens

273 2409 390 2450 male
431 2409 604 2450 sobrius
644 2409 776 2450 aede».
817 2410 992 2459 Ebrius,
1032 2423 1138 2451 nam
1177 2409 1232 2450 ΙΙ.
1279 2410 1313 2458 1,
1358 2407 1546 2449 31—32.
1580 2405 1780 2447 Tibullus

274 2488 369 2541 ipse
397 2486 529 2527 dicit:
564 2501 679 2528 «non
720 2488 834 2528 festa
871 2488 969 2528 luce
1008 2486 1188 2528 madere
1220 2483 1474 2527 Est'rubor
1512 2484 1710 2524 errantes
1738 2483 1782 2523 et

275 2565 392 2606 male
435 2564 549 2604 ferre
591 2564 768 2616 pedes».
814 2563 933 2607 Male
978 2578 1094 2618 saepe
1119 2563 1210 2605 vim
1240 2562 1502 2616 ⁴negativam
1543 2557 1690 2607 habet,
1731 2560 1781 2599 ut

277 2641 395 2696 apud
419 2641 527 2683 Hor.
557 2640 698 2682 Carm.
727 2643 759 2682 Ι.
791 2644 829 2691 9,
860 2643 944 2683 24ε
970 2642 1110 2682 «male
1128 2640 1355 2694 pertinax»
1381 2655 1427 2676 =
1445 2649 1538 2678 non
1562 2634 1778 2688 pertinax,

277 2718 356 2772 Ep.
385 2718 418 2759 Ι.
451 2718 516 2763 19.
547 2715 598 2757 3:
645 2718 785 2757 «male
826 2730 986 2758 sanus»
1026 2735 1071 2751 Ξ
1103 2717 1291 2758 insanus
1331 2716 1375 2755 et
1410 2712 1490 2764 Ep.
1530 2710 1585 2751 II.
1628 2711 1697 2759 ΞΟ,
1726 2712 1780 2753 5:
