1942 3132
277 208 350 244 268
839 223 893 251 AD
916 224 963 251 11.
987 222 1018 259 3,
1047 220 1211 250 59—60.

281 340 482 381 Tibullus
509 342 611 381 ante
638 341 788 382 oculos
815 341 1022 381 habuisse
1049 339 1233 381 videtur.
1262 362 1320 365 —
1347 335 1555 390 admotis,
1592 337 1771 391 propin-

278 417 405 471 quis;
446 418 497 458 cf.
537 417 643 458 Hor.
672 416 813 459 Carm.
841 418 872 458 I.
904 419 972 464 922,
1002 418 1080 458 C21:
1117 416 1259 456 «Pone
1299 413 1377 455 sub
1416 427 1546 455 curru
1582 414 1773 455 nimium

278 494 522 548 propinqui
550 493 706 536 Solis».
734 519 792 522 —-
818 494 975 549 inficit,
1002 493 1169 534 colorat
1185 506 1194 541 ;
1222 493 1273 533 cf.
1303 491 1401 533 adn.
1431 503 1565 544 supra
1590 490 1645 532 ad
1669 491 1701 532 Ι.
1731 491 1770 540 2,

283 572 365 613 20:
400 573 627 612 «senectus
653 571 838 613 Inducat
876 585 1006 624 rugas
1043 569 1296 623 inficiatque
1323 581 1513 610 comas».
1546 593 1605 596 ——
1630 567 1774 623 equis,

279 647 544 701 quadrigam
591 646 683 689 Soli
728 647 983 688 tribuebant
1029 649 1208 687 veteres.
1252 670 1310 673 —e
1351 646 1517 686 certent
1554 644 1772 699 praebere,

278 724 493 766 certando
519 724 755 778 praebeant.
784 749 841 751 —
868 723 1056 776 colores»,
1083 722 1134 763 de
1161 722 1357 763 vestibus
1383 721 1590 762 coloratis
1605 735 1615 770 3
1641 722 1774 774 poeta

282 801 483 843 imitatur
507 801 632 854 Prop.
661 800 737 841 ΙΠ.
762 801 825 848 13,
847 800 896 841 7:
922 799 1000 840 «Et
1025 799 1160 852 Tyros
1179 799 1369 839 ostrinos
1394 797 1559 851 praebet
1583 795 1776 838 Cadmea

279 880 496 927 colores»;
523 877 575 919 cf.
605 876 712 918 Hor.
740 877 817 929 Ep.
846 877 878 917 Ι.
909 877 946 925 6,
972 877 1048 917 18:
1074 889 1197 916 «cum
1224 874 1410 927 gemmis
1436 874 1589 927 Tyrios
1614 874 1773 915 mirere

279 956 479 997 colores»
513 957 557 996 et
584 953 732 996 Senec.
763 953 922 1005 Quaest.
951 953 1049 994 Nat.
1076 953 1169 994 VH.
1201 953 1279 993 31:
1314 952 1506 993 «colores
1536 951 1774 992 meretricii

283 1032 500 1073 matronis
538 1044 629 1072 non
667 1030 924 1071 induendi».
954 1055 1010 1057 ᾖ
1037 1028 1197 1084 Africa
1232 1029 1495 1084 puniceum,
1537 1028 1681 1081 agitur
1706 1026 1773 1068 >de

283 1120 479 1161 purpura
505 1107 736 1155 Africana3
763 1107 816 1148 cf.
844 1106 956 1147 Plin.
985 1106 1035 1147 N.
1063 1105 1118 1146 H.
1146 1105 1220 1146 IX.
1245 1105 1339 1146 1:27.
1359 1104 1411 1145 de
1437 1105 1627 1145 murice:
1651 1103 1773 1156 «Tyri

283 1184 531 1239 praecipuus
581 1184 651 1224 hic
702 1183 829 1232 Asiae,
876 1182 1086 1236 Meninge
1134 1182 1289 1223 Africae
1341 1184 1385 1223 et
1426 1181 1597 1223 Gaetulo
1643 1181 1773 1222 litore

281 1261 480 1302 oceani».
522 1260 640 1301 unde
683 1260 798 1313 apud
836 1259 943 1301 Hor.
983 1259 1062 1312 Ep.
1102 1259 1156 1300 II.
1199 1260 1238 1309 2,
1284 1260 1360 1300 18:
1394 1260 1561 1300 «vestes
1600 1256 1773 1299 Gaetulo

283 1338 450 1379 murice
476 1337 679 1385 tinctas»,
707 1336 783 1377 ubi
809 1336 1054 1390 Porphyrio
1094 1335 1299 1377 adnotat:
1335 1335 1528 1384 «Mauro,
1557 1333 1775 1387 significat

281 1415 405 1456 enim
431 1427 674 1468 purpuram
701 1410 1022 1454 Girbitanam».
1050 1412 1266 1453 Africanae
1304 1424 1508 1464 purpurae
1535 1411 1655 1452 color
1682 1411 1775 1451 erat

282 1491 509 1544 puniceUS,
538 1490 566 1531 i.
595 1503 630 1531 e.
659 1489 834 1537 rubens,
876 1487 951 1530 sed
989 1488 1169 1536 dilutus,
1209 1487 1326 1528 unde
1352 1487 1479 1540 Verg.
1505 1486 1596 1528 Ecl.
1623 1488 1663 1537 5,
1696 1487 1772 1527 17:

289 1568 515 1620 «puniceis
541 1567 723 1608 rosetis»
758 1568 799 1606 et
825 1566 932 1606 Aen.
961 1564 1057 1606 XII.
1088 1565 1167 1605 77:
1202 1564 1429 1604 «Puniceis
1467 1564 1641 1604 invecta
1665 1562 1774 1604 rotis
1842 1612 1847 1620 ·

281 1645 451 1686 Aurora
477 1643 673 1685 rubebit»
698 1646 740 1684 et
756 1642 862 1683 Hor.
883 1641 1025 1683 Carm.
1045 1641 1116 1683 IV.
1141 1643 1205 1691 10,
1225 1643 1277 1683 4:
1312 1642 1456 1682 «color
1483 1643 1549 1682 est
1574 1641 1773 1693 puniceae

282 1720 390 1761 flore
413 1721 534 1774 prior
549 1733 702 1761 rosae».
725 1744 778 1746 —
788 1717 1053 1773 puniceum,
1071 1731 1204 1759 sensu
1222 1718 1420 1771 proprio:
1441 1716 1773 1769 Carthaginien-

280 1810 390 1846 sem,
402 1797 505 1850 quia
513 1810 754 1850 purpuram
763 1796 1017 1836 Africanam
1028 1809 1052 1836 a
1061 1794 1501 1847 Carthaginiensibus
1511 1795 1776 1847 acceperunt

283 1873 559 1916 Romani*
567 1884 943 1928 purpureumque
975 1869 1139 1926 Tyros,-
1159 1871 1280 1912 color
1304 1885 1508 1924 purpurae
1535 1871 1671 1924 Tyriae
1700 1884 1773 1924 ap-

282 1952 475 2005 pellatur
510 1949 600 1992 κατ’
636 1948 782 2006 ἐξοχὴν
819 1961 1080 2002 purpureus,
1109 1948 1135 1988 i.
1166 1962 1200 1989 e.
1229 1948 1369 1996 ruber,
1412 1947 1489 1989 sed
1524 1948 1773 2001 nigricans;

278 2028 336 2069 cf.
364 2027 476 2068 Plin.
504 2026 553 2067 N.
582 2026 637 2067 H.
665 2025 739 2066 IX.
773 2026 865 2066 135.
896 2024 948 2065 de
975 2037 1170 2078 purpura
1187 2024 1340 2077 Tyria:
1365 2024 1506 2065 «Laus
1534 2024 1574 2065 ei
1601 2037 1774 2065 summa

283 2106 331 2146 in
373 2104 519 2145 colore
561 2103 791 2156 sanguinis
833 2101 1039 2151 concreti,
1081 2101 1303 2154 nigricans
1345 2104 1544 2154 aspectu·
1569 2101 1774 2153 idemque

286 2183 494 2233 suspectu
518 2180 784 2232 refulgens».
813 2203 871 2206 ·-—
904 2177 1061 2232 Tyros,
1086 2180 1188 2231 post
1213 2191 1276 2219 vs.
1304 2179 1373 2219 58.
1416 2177 1670 2219 exciderunt
1695 2177 1773 2218 ali-

284 2259 392 2310 quot
416 2269 580 2304 versus,
610 2254 768 2308 quibus
806 2257 938 2308 poeta
975 2255 1213 2295 transitum
1251 2254 1422 2308 paravit
1449 2254 1503 2295 ad
1529 2254 1771 2307 sequentia.

343 2332 393 2374 V.
422 2333 609 2373 59—60.
637 2329 759 2373 Nota
799 2331 974 2385 loquor,
1014 2331 1167 2372 eadem
1206 2330 1338 2372 verba
1375 2331 1505 2372 initio
1532 2330 1774 2371 hexametri

285 2408 403 2462 apud
429 2407 505 2449 Ov.
532 2407 638 2449 Met.
665 2407 720 2448 II.
750 2408 848 2448 570.
877 2432 932 2434 —
959 2420 1150 2462 reynum
1176 2407 1260 2449 iste
1301 2410 1429 2461 tenet,
1454 2407 1648 2460 puellam
1672 2419 1771 2460 pos-

282 2485 412 2536 sidet,
438 2487 488 2525 ut
525 2497 658 2537 supra
684 2484 716 2524 1.
746 2484 784 2532 9,
815 2484 1014 2524 79-802
1049 2497 1142 2523 «me
1168 2484 1365 2524 vinctum
1402 2496 1512 2536 puer
1549 2483 1659 2524 alter
1695 2483 1772 2523 ha·
1811 2480 1815 2484 ”

284 2561 406 2603 bebit
429 2560 486 2601 Et
511 2561 631 2613 geret
655 2559 704 2599 in
730 2572 865 2612 regno
892 2572 1027 2612 regna
1055 2560 1244 2612 superba
1269 2563 1370 2600 tuo»
1405 2561 1448 2600 et
1472 2559 1543 2600 IV.
1572 2561 1610 2607 5,
1632 2559 1770 2600 3—-4:

291 2638 374 2679 «Te
400 2640 609 2679 nascente
647 2649 812 2677 novum
837 2635 982 2676 Parcae
1021 2637 1217 2676 cecinere
1255 2635 1416 2689 puellis
1455 2634 1690 2677 Servitium
1731 2636 1774 2676 et

279 2715 502 2757 dederunt
539 2727 674 2767 regna
712 2713 901 2767 superba
939 2713 1041 2753 tibi»
1052 2727 1061 2761 3
1090 2713 1142 2753 cf.
1170 2713 1296 2765 Prop.
1323 2713 1378 2753 ΙΙ.
1412 2713 1477 2762 16,
1505 2712 1690 2753 27--28
1720 2711 1771 2753 de
