1942 3132
757 223 815 253 An
835 223 884 253 11.
906 222 942 261 ς,
968 221 1131 254 11—22.
1625 210 1695 246 239

202 362 260 368 —
289 338 358 382 En
383 353 481 398 aye,
508 339 621 397 quid
644 353 799 385 cessas
814 339 840 384 9
870 339 1094 384 Cornutus
1130 341 1299 396 pudore
1325 343 1517 397 quodam
1542 342 1695 397 prohi-

204 414 333 458 betur
356 415 410 458 de
437 429 587 459 amore
614 429 719 472 erga
743 430 926 459 uxorem
963 418 1113 473 palam
1139 419 1275 473 loqui,
1303 421 1355 460 ut
1381 432 1516 473 supra
1552 419 1614 463 IV
1615 451 1625 461 .
1652 420 1692 468 5,

211 494 289 536 18:
321 494 457 537 «Nam
483 494 622 549 pudet
646 493 740 536 haec
775 494 905 536 illum
938 494 1083 537 dicere
1109 495 1242 538 verba
1266 495 1469 550 palam»;
1511 497 1565 537 cf.
1594 495 1694 537 adn.

205 569 262 612 ad
286 571 331 613 h.
355 571 385 613 l.

261 647 312 690 V.
331 649 516 690 11—16.
535 646 638 691 Iam
651 659 757 691 reor
771 645 852 690 hoc
867 647 991 703 ipsos
1009 646 1250 692 edidicisse
1271 648 1391 698 deos,
1408 650 1513 704 quia
1527 649 1695 692 Comu-

203 726 275 766 tns
301 724 545 778 saepissime
571 724 655 766 hoc
673 724 869 778 rogavit;
897 726 951 767 cf.
970 723 1048 767 Ov.
1066 725 1130 767 Ex
1147 725 1274 768 Pont.
1293 726 1372 768 ΠΙ.
1392 727 1431 777 7,
1448 727 1504 769 4:
1536 727 1694 779 «Quid-

203 814 289 855 que
317 803 482 855 petam.
521 802 703 843 cunctos
745 800 979 844 edidicisse
1016 815 1158 844 reor».
1196 826 1256 832 —
1292 801 1445 846 Fortis
1487 805 1691 846 arat...

203 876 411 922 rusticus.
441 877 662 927 robustus,
691 877 948 929 obduratus,
990 881 1042 920 ut
1066 879 1193 933 Verg.
1220 879 1311 922 Ecl.
1339 881 1380 928 4,
1408 881 1491 922 41:
1526 881 1696 923 «Robu-

204 958 298 997 stus
323 969 498 1010 quoque
515 955 605 997 iam
621 956 764 997 tauris
779 955 885 1008 iuga
901 956 1044 998 solvet
1064 958 1257 998 arator».
1275 981 1334 986 —
1349 960 1454 1001 arat
1476 956 1693 1001 valido...

205 1032 324 1086 bove,
348 1036 399 1075 ut
413 1033 542 1087 Verg.
562 1032 639 1075 Ge.
658 1033 715 1075 H.
743 1034 855 1076 9237:
889 1034 1071 1076 «validis
1096 1037 1261 1077 terram
1282 1035 1517 1089 proscinde
1544 1036 1696 1078 iuven-

204 1110 310 1152 cis..
336 1134 395 1139 —
418 1121 708 1167 yemmarum
733 1109 961 1166 quidquid
984 1110 1193 1166 felicibus
1219 1110 1347 1155 Indis
1368 1109 1602 1167 Nascitur,
1630 1115 1698 1157 eoi

202 1199 293 1247 qua
320 1187 469 1230 mam's
493 1186 623 1229 unda
647 1186 792 1238 rubet,
820 1188 875 1230 cf.
909 1187 1011 1230 adn.
1050 1201 1185 1242 supra
1210 1188 1265 1230 ad
1298 1189 1371 1231 IV.
1412 1191 1452 1239 2,
1500 1192 1696 1234 19—20:

209 1263 367 1306 -rubro
401 1264 455 1306 de
481 1263 614 1306 litore
639 1277 838 1318 gemmas
859 1296 870 1306 .
895 1297 905 1306 .
928 1297 939 1306 .
976 1265 1149 1319 colligit
1185 1265 1368 1308 Indus».
1394 1291 1453 1295 —
1477 1266 1696 1323 felicibus,

202 1343 384 1396 propter
407 1340 586 1383 divitias
610 1341 751 1384 Indiae
766 1342 956 1396 gemmis
971 1344 1314 1398 margaritisque
1341 1344 1624 1387 abundantis.
1641 1371 1699 1376 —

202 1419 272 1463 eoi
293 1453 302 1462 .
327 1453 336 1462 .
363 1453 372 1462 .
400 1419 565 1471 maris,
591 1420 645 1461 cf.
674 1418 776 1461 adn.
798 1433 934 1474 supra
948 1420 1005 1462 ad
1020 1419 1092 1463 IV.
1118 1422 1158 1470 2,
1179 1423 1265 1463 20:
1299 1422 1417 1464 «eois
1443 1423 1613 1477 aquis».
1639 1448 1698 1453 ——

203 1496 333 1541 unda
356 1497 500 1549 rubet,
527 1498 740 1553 intellege
765 1511 889 1540 mare
914 1498 1141 1549 Rubrum;
1168 1500 1223 1542 cf.
1250 1500 1352 1542 adn.
1380 1513 1514 1554 supra
1540 1500 1596 1543 ad
1620 1500 1692 1543 IV.

202 1577 244 1626 2,
275 1576 352 1618 19:
386 1575 544 1617 «rubro
570 1574 624 1616 de
650 1575 826 1617 litore».

259 1651 310 1694 V.
342 1653 528 1696 17—292.
576 1651 686 1696 Vota
712 1652 896 1704 cadunt,
926 1653 1062 1695 verba
1085 1655 1292 1696 votorum
1323 1668 1375 1697 ex
1408 1669 1482 1696 ore
1510 1654 1696 1698 Cornuti

202 1730 406 1772 voventis
431 1728 651 1779 excidunt,
690 1730 717 1771 i.
758 1742 795 1771 e.
820 1732 923 1772 vota
958 1734 1280 1784 nuncupantur
1296 1746 1306 1781 ;
1341 1733 1395 1774 cf.
1421 1732 1550 1786 Verg.
1584 1733 1695 1775 Aen.

205 1805 278 1847 VI.
307 1806 417 1848 686:
450 1819 558 1848 «vox
584 1806 744 1848 excidit
770 1819 889 1856 ore»,
927 1806 1036 1848 Hor.
1063 1807 1145 1861 Ep.
1173 1807 1206 1848 Ι.
1241 1809 1306 1857 18,
1330 1809 1408 1850 12:
1442 1809 1600 1852 «verba
1626 1823 1694 1851 ca-

206 1879 544 1939 dentiafftollit»,
578 1882 707 1938 Prop.
733 1884 769 1926 I.
811 1885 878 1930 10.
920 1885 1001 1926 24:
1048 1885 1159 1926 «Nec
1198 1884 1278 1927 tibi
1315 1899 1397 1940 pro
1423 1899 1539 1928 vano
1565 1887 1697 1929 verba

205 1961 399 2015 benigna
423 1960 624 2011 cadant»,
655 1959 732 2003 Ov.
759 1960 866 2003 Her.
896 1962 934 2011 3,
963 1963 1044 2003 98:
1079 1962 1158 2003 «At
1189 1976 1290 2004 mea
1316 1976 1395 2016 pro
1433 1963 1560 2006 nullo
1586 1978 1695 2018 pon-

205 2038 307 2080 dere
333 2038 468 2080 verba
492 2037 699 2080 cadunt».
731 2060 784 2066 —
810 2038 992 2081 utinam
1016 2038 1362 2095 strepitantibus
1387 2038 1565 2084 advolet
1590 2040 1694 2090 alis,

204 2119 338 2170 poeta
354 2116 491 2170 optat,
510 2119 561 2157 ut
577 2114 774 2158 Cornuto
790 2118 896 2158 vota
910 2117 1188 2171 nuncupanti
1206 2116 1314 2159 boni
1339 2118 1528 2171 auspicii
1554 2118 1696 2170 (bonae

205 2196 315 2246 avis)
351 2194 449 2237 loco
490 2194 627 2236 Amor
667 2195 812 2237 alatus
851 2196 1076 2249 appareat.
1115 2219 1173 2224 —
1210 2193 1448 2251 Flavaque
1486 2196 1696 2253 coniuyio

207 2271 407 2325 vincula,
423 2271 603 2313 vincula
614 2270 730 2314 flava
754 2274 902 2326 portet
930 2273 1066 2314 Amor
1080 2275 1310 2326 tamquam
1326 2273 1490 2327 pignus
1508 2273 1697 2316 afferens

206 2349 400 2403 coniugii
438 2347 580 2397 firmi3
621 2347 763 2390 flavus
805 2351 873 2390 est
912 2349 1032 2391 enim
1072 2349 1195 2391 color
1234 2349 1411 2398 laetitiae,
1451 2351 1615 2392 amoris
1655 2355 1699 2393 et

204 2427 463 2482 nuptiarum
479 2441 489 2475 ;
508 2427 560 2468 cf.
580 2426 739 2468 Catull.
761 2427 829 2476 61,
853 2428 1012 2469 8—10.
1031 2426 1085 2468 de
1100 2426 1368 2481 Hymenaeo:
1394 2426 1696 2470 «Flammeum

203 2518 324 2558 cape,
351 2504 480 2545 laetus
508 2503 605 2551 huc.
632 2502 732 2545 Huc
757 2504 859 2545 veni
884 2504 1014 2546 niveo
1053 2517 1211 2558 gerens
1239 2504 1428 2546 Luteum
1466 2504 1576 2558 pede
1603 2518 1696 2547 soc-

204 2595 329 2623 cum»
362 2582 406 2622 et
432 2582 500 2624 (58.
534 2581 790 2623 133—134:
822 2580 1017 2636 «Cupido
1038 2581 1257 2635 Fulgebat
1281 2582 1457 2623 crocina
1482 2582 1697 2624 candidus

205 2657 253 2699 in
278 2657 485 2705 tunicam
525 2655 602 2698 Ov,
631 2655 735 2698 Met.
765 2656 817 2699 X.
855 2659 891 2700 1.
932 2656 984 2699 de
1010 2657 1281 2712 Hymenaeo:
1322 2671 1497 2700 «croceo
1524 2659 1697 2700 velatus

205 2735 411 2776 amictu».
439 2733 582 2787 Quare
610 2747 784 2788 sponsae
810 2734 880 2777 die
906 2736 1163 2790 nuptiarum
1181 2735 1389 2778 flammeo
1415 2736 1537 2778 luteo
1565 2738 1698 2790 caput
