1942 3132
370 242 412 274 16
1069 250 1098 278 1.
1122 247 1156 277 9.

486 370 600 410 Ν3111
628 351 829 421 poteram
856 367 911 408 ad
936 366 1118 419 laqueos
1145 363 1314 404 cautior
1341 373 1435 401 esse
1461 362 1576 400 tuos.

431 447 546 498 Quin
574 446 709 486 etiam
736 444 926 486 attonita
950 442 1105 484 laudes
1130 442 1210 482 tibi
1237 441 1387 480 mente
1413 436 1641 479 canebam.

488 523 544 563 At
568 535 639 563 me
666 534 784 563 nunc
810 521 953 562 nostri
979 519 1289 571 Pieridumque
1314 515 1463 568 pudet.

430 599 513 640 Illa
538 598 674 640 velim
699 596 855 651 rapida
879 596 1105 637 Vulcanus
1132 594 1328 636 carmina
1353 590 1534 632 flamma

317 697 354 721 50
487 675 670 717 Torreat
695 676 737 714 et
762 671 929 726 liquida
955 670 1101 712 deleat
1127 669 1271 710 amnis
1299 680 1422 720 aqua.

430 753 493 793 Tu
519 750 675 805 procul
699 750 804 790 hinc
832 748 962 796 absis,
991 747 1062 787 cui
1089 747 1277 786 formam
1303 742 1491 784 vendere
1519 753 1624 781 cura
1651 743 1716 781 est

489 828 546 869 Et
571 827 763 879 pretium
790 826 925 879 plena
950 823 1116 877 grande
1142 823 1303 863 referre
1329 833 1480 861 manu.

431 906 487 946 At
512 906 574 953 tu,
603 903 678 957 qui
702 915 890 956 puerum
917 900 1046 942 donis
1072 911 1353 951 corrumpere
1381 909 1425 937 es
1453 907 1601 943 ausus,

491 981 648 1021 Rideat
675 977 872 1019 adsiduis
898 990 1007 1018 uxor
1032 975 1176 1017 inulta
1202 973 1327 1021 dolis,

319 1081 356 1104 55
431 1058 487 1101 Et
512 1071 611 1098 cum
639 1056 800 1097 furtivo
827 1054 1034 1095 iuvenem
1059 1051 1290 1093 lassaverit
1316 1063 1411 1098 usu,

493 1133 654 1174 Tecum
681 1132 946 1186 interposita
971 1130 1182 1183 languida
1206 1131 1326 1170 veste
1355 1128 1495 1169 cubet.

435 1209 618 1262 Semper
645 1210 734 1250 sint
761 1210 940 1249 externa
965 1210 1041 1247 tuo
1066 1205 1254 1258 vestigia
1280 1206 1406 1253 lecto,

492 1286 549 1327 Et
573 1287 725 1339 pateat
750 1285 922 1338 cupidis
950 1297 1124 1336 semper
1150 1284 1301 1336 aperta
1328 1282 1512 1322 domus:

435 1363 523 1403 Nec
548 1363 714 1403 lasciva
742 1374 866 1402 soror
891 1361 1062 1402 dicatur
1087 1359 1217 1412 plura
1243 1359 1407 1399 bibisse

322 1463 360 1486 so
496 1439 660 1480 Pocula
684 1437 755 1479 vel
779 1437 931 1490 plures
959 1436 1199 1476 emeruisse
1224 1435 1355 1476 viros.

436 1515 567 1556 Illam
594 1527 709 1567 saepe
735 1514 883 1554 ferunt
909 1512 1112 1553 convivia
1139 1511 1297 1552 ducere
1322 1510 1509 1559 Baccho,

494 1593 612 1633 Dum
639 1592 737 1632 rota
761 1589 955 1630 Luciferi
980 1590 1189 1642 provocet
1216 1590 1313 1629 orta
1340 1587 1483 1628 diem:

437 1669 521 1710 Illa
547 1668 672 1709 nulla
699 1669 830 1721 queat
855 1666 1016 1706 melius
1044 1678 1305 1706 consumere
1332 1668 1508 1705 noctem

495 1746 583 1786 Aut
608 1757 792 1797 operum
818 1743 963 1783 varias
990 1741 1263 1794 disposuisse
1289 1741 1419 1782 vices.

325 1844 361 1867 65
438 1823 493 1862 At
517 1824 594 1862 tua
621 1820 878 1873 perdidicit:
906 1832 986 1859 nec
1013 1822 1071 1867 tu,
1103 1817 1376 1866 stultissime,
1409 1817 1560 1865 sentis,

499 1898 609 1939 Cum
635 1897 716 1937 tibi
741 1909 834 1937 non
862 1895 993 1936 solita
1020 1907 1178 1946 corpus
1206 1893 1259 1934 ab
1287 1895 1381 1933 arte
1407 1894 1567 1933 movet.

438 1975 561 2016 Tune
587 1976 718 2027 putas
744 1973 869 2013 illam
895 1967 974 2025 pro
1002 1973 1045 2011 te
1073 1970 1309 2024 disponere
1335 1969 1480 2010 crines

497 2052 584 2092 Aut
610 2053 766 2091 tenues
793 2048 930 2088 denso
956 2049 1129 2099 pectere
1156 2045 1288 2086 dente
1316 2048 1499 2087 comas?

439 2130 588 2171 Istane
615 2126 853 2180 persuadet
879 2124 1024 2173 facies,
1055 2136 1249 2176 auroque
1275 2123 1464 2164 lacertos

328 2227 365 2249 70
498 2204 675 2245 Vinciat
702 2206 745 2243 et
772 2202 901 2254 Tyrio
927 2200 1114 2254 prodeat
1141 2203 1244 2254 apta
1271 2202 1406 2242 sinu?

441 2282 540 2322 Non
566 2280 656 2329 tibi,
689 2278 763 2319 sed
790 2278 940 2319 iuveni
968 2277 1142 2318 cuidam
1167 2277 1263 2317 vult
1289 2277 1405 2318 bella
1430 2275 1581 2325 videri,

502 2357 727 2397 Devoveat
752 2367 832 2407 pro
860 2367 946 2406 quo
974 2367 1154 2406 remque
1182 2353 1452 2406 domumque
1477 2356 1614 2394 tuam.

444 2435 531 2475 Nec
559 2433 662 2473 facit
689 2432 771 2472 hoc
798 2431 918 2479 vitio,
950 2429 1026 2470 sed
1053 2444 1237 2482 corpora
1263 2430 1378 2471 foeda
1403 2430 1600 2484 podagra

503 2510 559 2549 Et
592 2509 709 2550 senis
738 2508 964 2560 amplexus
992 2508 1109 2548 culta
1134 2507 1283 2560 puella
1309 2509 1434 2560 fugit.

333 2607 368 2630 75
445 2586 561 2627 Huic
587 2588 738 2626 tamen
766 2583 968 2624 accubuit
994 2586 1145 2624 noster
1170 2597 1303 2637 puer:
1332 2585 1450 2625 hunc
1477 2595 1556 2636 ego
1583 2581 1759 2623 credam

506 2662 617 2703 Cum
643 2660 840 2702 trucibus
866 2660 1083 2700 Venerem
1109 2660 1290 2713 iungere
1316 2674 1447 2714 posse
1474 2660 1590 2702 feris.

446 2738 754 2800 Blanditiasne
782 2750 902 2777 meas
930 2736 1029 2777 aliis
1056 2739 1103 2776 tu
1129 2736 1317 2778 vendere
1347 2751 1391 2778 es
1418 2750 1565 2786 3118118,
