1942 3132
441 749 537 804 IN
574 747 981 803 NATALEM
1019 746 1403 804 GORNUTI.

842 974 915 1026 (II.
945 975 1003 1026 2.)

225 1064 438 1106 Dicamus
463 1063 584 1106 bona
607 1063 766 1105 verba:
794 1063 919 1104 venit
943 1062 1115 1104 Natalis
1142 1061 1199 1104 ad
1224 1075 1348 1104 aras:

288 1141 501 1196 Quisquis
526 1140 643 1191 ades,
671 1141 839 1195 lingua,
867 1141 936 1182 vir
960 1140 1224 1194 mulierque,
1253 1140 1366 1181 fave.

227 1218 426 1261 Urantur
449 1217 525 1272 pia
550 1219 652 1259 tura
676 1217 801 1268 focis,
828 1220 1019 1259 urantur
1045 1216 1216 1265 odores,

289 1295 411 1347 Quos
436 1297 563 1337 tener
588 1307 611 1336 e
636 1297 757 1336 terra
783 1294 920 1336 divite
946 1294 1089 1336 mittit
1112 1294 1267 1336 Arabs.

227 1373 329 1428 Ipse
357 1386 463 1415 suos
489 1372 606 1414 adsit
632 1371 804 1415 Genius
830 1372 1008 1414 visurus
1035 1373 1246 1420 honores,

287 1450 368 1493 Cui
396 1450 608 1492 decorent
634 1453 812 1492 sanctas
836 1450 995 1492 mollia
1020 1453 1139 1492 serta
1165 1463 1328 1492 comas.

222 1527 352 1570 nlius
377 1542 490 1582 puro
519 1527 749 1570 destillent
773 1530 979 1582 tempora
1003 1527 1159 1577 nardo,

282 1604 425 1659 Atque
453 1607 577 1646 satur
602 1603 695 1646 libo
722 1604 781 1646 sit
805 1604 1072 1659 madeatque
1098 1617 1236 1649 merc.

222 1680 402 1723 Adnuat
427 1685 485 1730 et,
512 1680 721 1731 Cornum,
749 1680 843 1730 tibi,
872 1681 1183 1736 quodcumque
1208 1681 1400 1736 rogabis.

283 1758 351 1800 En
379 1772 473 1813 age,
502 1758 608 1813 quid
635 1760 818 1800 cessas?
841 1757 1012 1799 Adnuit
1037 1758 1141 1800 ille:
1169 1772 1291 1812 roga.

224 1836 440 1889 Auguror,
469 1837 622 1878 uxoris
647 1835 761 1876 fidos
788 1835 965 1889 optabis
991 1848 1193 1876 amores:

286 1913 380 1954 Iam
407 1926 509 1954 reor
536 1913 620 1954 hoc
646 1913 769 1966 ipsos
796 1911 1031 1953 edidicisse
1058 1911 1178 1953 deos.

225 1989 314 2031 Nec
341 1988 424 2030 tibi
449 1988 675 2037 malueris,
705 1990 852 2031 totum
878 2001 1167 2043 quaecumque
1194 2002 1275 2043 per
1301 1989 1452 2031 orbem

285 2066 435 2108 Fortis
461 2068 558 2107 arat
584 2065 732 2107 valido
758 2066 953 2107 rusticus
979 2078 1085 2107 arva
1110 2066 1236 2115 bove,

225 2143 315 2185 Nec
343 2143 436 2193 tibi,
465 2155 744 2196 gemmarum
771 2141 986 2196 quidquid
1013 2142 1218 2185 felicibus
1243 2142 1370 2186 Indis

267 2220 507 2270 Nascitur,
536 2219 606 2260 eoi
633 2232 720 2272 qua
746 2219 883 2260 maris
908 2219 1030 2261 unda
1055 2219 1196 2262 rubet.

226 2297 341 2339 Vota
367 2296 556 2338 cadunt:
585 2295 759 2337 utinam
785 2296 1126 2350 strepitantibus
1152 2297 1331 2339 advolet
1355 2298 1440 2340 alis

287 2375 511 2429 Flavaque
538 2373 744 2428 coniugio
771 2374 950 2415 vincula
975 2377 1123 2428 portet
1147 2375 1299 2426 Amor,

227 2453 432 2501 Vincula,
460 2465 556 2506 quae
583 2454 798 2494 maneant
823 2464 1012 2506 semper,
1042 2451 1148 2494 dum
1174 2452 1300 2495 tarda
1326 2456 1535 2495 senectus

288 2529 478 2571 Inducat
504 2542 636 2583 rugas
663 2527 920 2584 inficiatque
946 2542 1109 2572 comas.

228 2606 325 2648 Hac
350 2607 502 2648 veniat
527 2606 698 2647 Natalis
724 2607 795 2648 avi
820 2606 1080 2663 prolemque
1108 2608 1347 2659 ministret,

289 2683 436 2725 Ludat
462 2686 506 2725 et
532 2687 635 2725 ante
661 2686 765 2725 tuos
789 2684 920 2726 turba
944 2685 1125 2727 novella
1149 2685 1300 2740 pedes.

241 2854 420 2888 mmmm
438 2854 523 2882 Αιῡει·
543 2854 663 2882 Tavum
683 2854 846 2883 camina.
1511 2844 1534 2877 4
