1942 3132
236 232 302 269 168
801 247 857 274 AD
879 246 909 275 1.
932 245 968 284 2,
991 244 1157 274 93—*9a

239 364 380 415 «Quid
419 364 585 405 totiens
624 363 793 416 positas
830 362 962 417 fingis
997 364 1151 416 inepta
1189 366 1394 405 comasP»
1426 365 1469 405 et
1493 362 1622 416 Prop.
1650 363 1729 405 III.

239 441 303 489 10,
337 441 415 481 14:
448 439 526 480 «Et
553 438 717 481 nitidas
743 453 898 493 presso
925 440 1088 494 pollice
1113 438 1229 493 finge
1257 452 1448 481 comas».

294 517 341 558 V.
373 517 559 558 93—98.
590 514 723 559 Stare
760 529 842 560 nee
879 517 983 559 ante
1021 516 1140 572 fores
1172 515 1357 571 puduit,
1383 517 1434 557 cf.
1462 516 1581 558 infra
1605 516 1660 558 IL
1695 518 1731 566 1,

237 594 423 635 73ffl74.
452 593 505 634 de
531 592 718 635 Amore:
744 593 838 635 «hic
865 593 1010 635 dicere
1036 593 1167 634 iussit
1192 593 1352 634 Limen
1379 593 1434 634 ad
1458 593 1581 634 iratae
1598 593 1732 635 verba

234 670 442 724 pudenda
468 683 663 711 senem».
691 694 750 698 w
775 671 885 712 ante-
905 670 1025 726 fores
1053 704 1060 711 .
1090 704 1097 711 .
1130 704 1138 711 .
1170 681 1341 712 caraeve
1373 669 1543 724 puellae
1569 667 1730 712 Ancil-

238 747 346 798 lam,
373 746 509 787 etiam
535 746 591 787 ad
621 746 742 802 fores
779 748 975 800 pertinet
1014 747 1236 800 genitivus
1269 747 1464 802 puelloe;
1492 747 1732 788 substanti-

235 837 340 865 vum
368 823 580 864 ambobus
618 823 831 864 membris
869 837 1105 873 commune
1132 825 1180 865 in
1208 823 1401 865 secundo
1428 824 1626 877 positum
1653 825 1731 872 est,
1802 822 1804 824 ’

236 900 290 941 de
318 913 404 954 quo
431 901 483 941 cf.
513 899 612 949 adn.
643 900 698 941 ad
722 901 754 942 I.
785 902 824 951 5,
855 901 935 942 34:
969 901 1109 942 «Huic
1135 904 1261 954 paret
1291 906 1422 955 atque
1449 901 1604 954 epulas
1636 901 1736 953 ipsa

236 977 442 1019 ministra
469 979 633 1030 gerat».
661 1002 719 1004 —-—
745 975 1152 1024 Ancillammedio
1180 976 1427 1019 detinuisse
1463 976 1581 1032 foro,
1606 979 1657 1017 ut
1683 975 1735 1017 de

236 1053 388 1107 puella
414 1067 515 1094 cum
541 1067 593 1095 ea
618 1053 873 1107 loqueretur
911 1054 1192 1107 favoremque
1222 1054 1316 1094 eius
1344 1053 1428 1094 sibi
1454 1052 1711 1099 conciliaret
1726 1067 1736 1101 3

238 1132 290 1172 cf.
319 1130 395 1172 Ov.
424 1130 528 1172 Her.
559 1132 627 1179 20,
673 1131 915 1172 131-—132
946 1131 999 1171 de
1038 1130 1251 1171 Acontio:
1285 1129 1562 1183 «Subsequor
1601 1130 1736 1170 ancil-

236 1208 326 1249 lam
354 1209 507 1249 furtim
544 1207 849 1260 famulumque
888 1208 1132 1261 requirens,
1160 1207 1414 1248 Profuerint
1447 1207 1591 1248 somni
1632 1206 1737 1259 quid

237 1285 333 1333 tibi,
374 1283 532 1338 quidve
571 1284 682 1325 cibi»
715 1286 758 1325 et
795 1284 842 1325 A.
872 1283 919 1325 A.
949 1284 1003 1325 II.
1035 1285 1295 1325 0251—252:
1330 1283 1440 1324 «Nec
1477 1283 1621 1336 pudor
1658 1297 1736 1323 an·

239 1362 378 1408 cillas,
407 1363 456 1401 ut
483 1374 664 1414 quaeque
705 1360 762 1402 sit
801 1359 955 1401 ordine
993 1361 1151 1414 prima,
1180 1360 1268 1401 Nec
1294 1360 1376 1401 tibi
1403 1360 1461 1401 sit
1488 1372 1637 1400 servos
1665 1359 1736 1400 de-

238 1439 453 1487 meruisse
480 1437 662 1491 pudor».
693 1461 750 1465 —-
769 1449 889 1492 puer
915 1471 922 1478 .
953 1469 962 1478 .
994 1469 1004 1477 .
1031 1436 1225 1490 iuvenis,
1253 1437 1493 1489 singularis
1532 1449 1612 1489 pro
1639 1436 1735 1489 plu-

238 1515 320 1555 rali
336 1529 346 1563 ;
374 1516 425 1555 cf.
462 1515 560 1555 adn.
592 1514 647 1555 ad
671 1515 703 1555 Ι.
736 1515 772 1564 3,
803 1515 885 1556 87:
920 1514 1136 1567 «puella».
1164 1538 1223 1541 ἡ
1249 1513 1385 1555 turba,
1424 1513 1607 1560 cirem‘n¹
1637 1512 1739 1554 terit

242 1593 362 1646 arta,
388 1591 681 1632 circumstans
720 1591 895 1644 premit,
924 1594 973 1632 ut
1012 1589 1119 1632 Stat.
1150 1589 1253 1631 Silv.
1282 1590 1314 1631 I.
1345 1591 1383 1638 Ξ,
1414 1591 1525 1631 237:
1559 1587 1740 1631 «Omnis

240 1669 415 1722 plebeio
433 1668 594 1708 teritur
608 1669 819 1721 praetexta
837 1668 1075 1708 tumultu».
1104 1692 1162 1694 —
1189 1667 1377 1720 circum,
1400 1665 1671 1715 adverbium,
1690 1668 1742 1707 ut

241 1759 374 1799 supra
399 1745 430 1786 Ι.
461 1748 500 1791 5,
534 1747 611 1786 11;
645 1747 710 1786 «te
753 1746 919 1786 circum
957 1744 1187 1793 lustravi»;
1214 1745 1281 1784 ,οἱ
1314 1743 1412 1784 adn.
1454 1742 1510 1784 ad
1549 1743 1591 1784 h.
1621 1742 1648 1783 1.
1683 1767 1741 1770 Μ

242 1820 511 1876 Despuitin
536 1821 695 1864 molles
723 1824 764 1864 et
790 1821 881 1864 sibi
907 1821 1096 1876 quisque
1123 1820 1271 1874 sinus,
1288 1820 1342 1861 de
1358 1833 1479 1861 more
1497 1818 1743 1872 despuendi

242 1900 293 1946 cf.
324 1898 423 1940 adn.
454 1912 588 1951 supra
629 1899 684 1940 ad
709 1912 771 1940 vs.
801 1900 884 1940 54:
918 1900 1009 1939 «ter
1050 1898 1180 1938 dictis
1223 1896 1388 1950 despue
1427 1895 1739 1937 carminibus».

241 1977 296 2017 In
323 1977 473 2018 sinum
500 1975 774 2029 despuebant
802 1975 975 2028 antiqui
1002 1975 1232 2015 hominem
1258 1973 1477 2014 furiosum
1505 1974 1582 2013 aut
1606 1972 1742 2013 comi-

241 2053 339 2094 tiali
380 2053 534 2094 morbo
573 2053 852 2094 laborantem
877 2051 1091 2100 videntes,
1131 2054 1181 2091 ut
1221 2049 1427 2103 contagia
1462 2050 1742 2101 regererent3

244 2132 295 2171 cf.
325 2129 437 2170 Plin.
459 2130 507 2171 N.
528 2129 583 2171 H.
609 2129 808 2170 XXVIII.
841 2130 922 2170 35:
956 2128 1249 2182 «Despuimus
1276 2126 1523 2168 comitiales
1549 2125 1740 2169 morbos.

248 2207 330 2247 hoc
383 2209 450 2247 est
500 2207 706 2260 contagia
756 2206 1026 2258 regei-imus»
1073 2208 1115 2246 et
1161 2203 1377 2257 Theophr.
1413 2201 1611 2244 Charact.
1662 2202 1742 2242 16.:

248 2287 491 2340 μαινόμενόν
517 2299 559 2325 τε
588 2282 682 2325 ἰδὼν
708 2282 735 2340 ἢ
764 2282 979 2340 ἐπίληπτον
1018 2282 1162 2338 φρίξας
1197 2278 1255 2328 εἰς
1282 2281 1431 2322 κόλπον
1463 2280 1620 2321 πτύσαι.
1647 2278 1744 2319 Hoc

244 2362 340 2401 loco
383 2361 519 2413 igitur
560 2361 765 2401 homines
809 2360 1147 2400 circumstantes
1190 2370 1341 2399 senem
1383 2357 1624 2397 amatorem
1663 2367 1743 2407 pro

245 2438 415 2480 furioso
457 2437 634 2479 habent.
664 2462 723 2465 ψ
747 2437 798 2479 in
838 2436 999 2478 molles
1025 2455 1038 2477 ·.
1069 2469 1077 2477 .
1107 2468 1116 2476 .
1144 2434 1286 2485 sinus,
1329 2434 1378 2475 in
1420 2433 1568 2474 sinum
1608 2431 1744 2472 vestis

245 2515 442 2556 molliter
467 2514 724 2561 undantem.
745 2539 803 2541 κ-
822 2525 999 2567 semper
1026 2511 1108 2555 tibi
1134 2510 1287 2554 dedita
1313 2509 1449 2552 servit
1477 2507 1601 2550 Mens
1627 2518 1745 2560 mea,

246 2594 296 2633 ut
323 2604 457 2644 supra
482 2591 513 2631 I.
545 2591 583 2638 3,
613 2592 693 2631 57:
727 2591 896 2632 «facilis
935 2593 1089 2631 tenero
1130 2602 1227 2630 sum
1267 2593 1441 2640 semper
1464 2584 1656 2630 Amori».
1686 2608 1745 2611 -—

247 2667 360 2724 quid
397 2680 566 2712 messes
605 2667 713 2708 uris*
746 2666 910 2708 acerba
945 2667 1076 2720 tuas,
1117 2679 1194 2706 cur
1231 2677 1362 2706 vexas
1389 2669 1577 2706 'servum
1618 2662 1745 2700 tuum

247 2746 424 2792 fidelem
450 2745 531 2788 tibi
557 2744 645 2797 ipsi
672 2743 884 2784 damnum
913 2742 1134 2784 afferens?
1156 2739 1450 2783 >Proverbialis
1487 2737 1667 2785 locutio,
1697 2739 1748 2777 ut
