1942 3132
247 239 315 275 150
815 254 871 282 AD
892 255 921 283 1.
946 252 980 291 5,
1004 252 1170 282 47—502.

246 372 345 413 962.
374 369 425 411 de
454 369 649 411 Glauco:
682 370 832 411 «Hanc
860 384 939 424 ego
965 372 1062 412 tum
1087 371 1283 424 primum
1307 370 1496 411 viridem
1523 370 1743 424 ferrugine

246 448 429 489 barbam
452 447 773 501 Caesariemque
798 461 959 498 meam,
987 461 1119 501 quam
1146 448 1280 500 longa
1306 460 1385 500 per
1411 460 1589 501 aequora
1603 446 1742 497 verro,

245 524 545 578 Ingentesque
572 525 782 566 humeros
809 526 853 566 et
878 525 1038 565 caerula
1064 524 1269 565 bracchia
1294 523 1427 565 vidi».

305 601 354 643 V.
382 602 572 643 47-52
603 599 714 643 Hoec
749 612 944 643 nocuere
982 600 1108 651 mihi,
1139 598 1261 656 quod
1287 633 1296 642 .
1325 633 1335 641 .
1364 632 1374 641 .
1411 598 1540 642 Venit
1565 599 1616 642 in
1639 598 1744 642 emi·-

247 677 361 720 tium
388 675 560 720 callida
601 678 706 720 lena
745 690 910 727 meum,
953 680 1003 719 ut
1041 678 1160 718 infra
1198 677 1253 718 II.
1299 678 1339 727 6,
1365 677 1568 718 44-45;
1602 676 1748 718 «Lena

246 757 379 796 nocet
403 753 533 795 nobis
559 786 570 795 .
599 786 609 796 .
637 787 647 795 .
676 754 799 795 Lena
824 756 956 795 necat
981 754 1193 795 miserum
1219 753 1437 806 Phryne».
1455 777 1511 781 —
1538 751 1745 809 Sanqui-

246 843 358 874 neas
396 829 499 873 edat
536 830 627 873 illa
658 828 808 886 dapes,
838 830 956 872 duas
995 831 1268 884 imprecatur
1304 831 1442 871 lenae:
1482 831 1622 872 fames
1649 843 1748 872 eam

247 910 411 951 cruciet
449 908 525 958 ita,
569 911 619 950 ut
659 908 816 950 crudas
858 922 1013 951 carnes
1056 909 1183 951 edere
1237 912 1432 962 cogatur.
1475 933 1535 937 —
1582 907 1748 951 Tristia

245 998 349 1028 cum
373 985 517 1028 multo
538 985 710 1041 pocula
732 984 837 1040 felle
865 984 1001 1034 bibat,
1032 986 1105 1027 siti
1133 989 1283 1027 coacta
1302 987 1436 1027 etiam
1461 988 1620 1040 potum
1645 985 1747 1027 felle

246 1062 434 1104 mixtum
474 1062 622 1111 bibat;
666 1062 829 1112 tristia,
876 1076 1040 1111 amara,
1082 1066 1133 1104 ut
1168 1063 1285 1104 infra
1323 1063 1377 1104 II.
1418 1064 1459 1112 4,
1493 1058 1571 1104 12:
1604 1062 1744 1104 «tristi

246 1140 448 1192 tempora
489 1139 592 1180 felle
633 1139 859 1188 madent»;
894 1138 1052 1181 Catull.
1097 1141 1166 1189 99,
1215 1141 1294 1181 14:
1342 1139 1585 1181 «saviolum
1631 1138 1749 1180 tristi

246 1216 418 1257 tristius
456 1216 730 1265 helleboro»;
770 1215 846 1258 Ov.
890 1216 954 1257 Ex
990 1216 1117 1258 Pont.
1151 1217 1228 1258 III.
1269 1218 1303 1266 1,
1334 1218 1416 1258 23:
1450 1216 1635 1258 «Tristia
1671 1228 1751 1269 per

245 1304 409 1334 vacuos
449 1293 632 1333 horrent
670 1292 895 1333 absinthia
934 1306 1137 1346 campos»
1147 1308 1158 1342 ;
1197 1293 1323 1334 Lucr.
1364 1293 1436 1334 IV.
1479 1294 1590 1335 635:
1623 1292 1749 1334 «aliis

247 1369 364 1423 quod
389 1369 515 1410 triste
555 1372 598 1410 et
639 1383 853 1420 amarum,
881 1369 978 1411 Hoc
1017 1372 1168 1410 tamen
1209 1383 1305 1411 esse
1346 1371 1446 1411 aliis
1471 1370 1615 1424 possit
1641 1383 1748 1423 prae-

247 1445 374 1486 dulce
411 1445 592 1486 videri».
620 1470 675 1473 v—
705 1443 842 1488 Hanc
879 1445 1066 1488 volitent
1103 1446 1272 1488 animae
1310 1446 1480 1488 circum
1523 1458 1612 1488 sua
1647 1441 1750 1501 fata

248 1523 498 1577 querentes,
525 1521 691 1563 umbrae
717 1522 955 1563 immature
972 1525 1251 1564 mortuorum
1278 1523 1540 1572 amantium,
1561 1535 1750 1576 quorum

248 1601 437 1639 mortem
479 1599 583 1639 lena
624 1599 793 1640 artibus
834 1600 1018 1640 nefariis
1061 1600 1323 1641 acceleravit
1336 1615 1346 1649 ;
1387 1601 1439 1641 cf.
1467 1599 1574 1641 Hor.
1604 1599 1742 1653 Epod.

249 1677 288 1725 5,
317 1676 505 1717 91ψ-9Ξ).
534 1676 666 1717 verba
690 1677 829 1729 pueri,
859 1689 990 1730 quem
1019 1689 1124 1729 saga
1150 1690 1308 1717 necare
1334 1678 1457 1718 vult:
1491 1677 1646 1728 «Quin,
1671 1675 1747 1718 ubi

247 1752 390 1805 perire
430 1752 580 1794 iussus
621 1753 911 1806 exspiravere,
954 1753 1207 1794 Nocturnus
1250 1766 1476 1794 occurram
1516 1754 1661 1795 furor»
1705 1755 1750 1794 et

248 1829 460 1882 Porphyr.
502 1828 556 1869 ad
593 1829 700 1870 Hor.
740 1829 818 1882 Ep.
847 1830 902 1870 Π.
944 1831 984 1880 2,
1013 1831 1111 1872 209.
1141 1829 1193 1871 de
1219 1830 1511 1872 Lemuribus:
1545 1830 1748 1872 «umbras

248 1909 460 1959 vagantes
486 1906 722 1947 hominum
758 1908 860 1948 ante
900 1906 1018 1947 diem
1044 1910 1322 1949 mortuorum
1351 1909 1394 1948 et
1420 1907 1519 1948 ideo
1546 1911 1746 1949 metuen-

249 1982 370 2024 das».
400 1982 648 2024 Credebant
685 1984 859 2038 antiqui
896 1997 1051 2025 manes
1090 1987 1368 2026 mortuorum
1406 1985 1565 2038 punire
1605 1997 1693 2034 ene,
1721 1997 1747 2026 a

250 2059 410 2114 quibus
448 2060 614 2101 iniuria
651 2059 798 2101 affecti
836 2064 1013 2110 essent3
1052 2062 1104 2102 cf.
1133 2061 1227 2103 Liv.
1256 2062 1334 2103 III.
1364 2062 1446 2103 58:
1480 2060 1747 2113 «Manesque

249 2136 469 2190 Verginiae
496 2170 506 2178 .
535 2169 544 2178 .
573 2169 583 2178 .
611 2150 690 2190 per
730 2139 796 2178 tot
842 2137 998 2178 domos
1044 2137 1100 2179 ad
1145 2137 1361 2191 petendas
1408 2150 1562 2191 poenas
1600 2137 1746 2190 vagati

250 2215 375 2255 nullo
412 2214 568 2256 relicto
608 2217 736 2256 sonte
774 2215 954 2257 tandem
988 2216 1293 2270 quieverunt».
1322 2241 1379 2244 ——
1406 2228 1428 2258 e
1466 2214 1592 2258 tectis
1629 2214 1750 2257 stm'oe

250 2289 445 2333 violenta
486 2293 633 2340 canat,
662 2292 788 2333 cuius
830 2295 987 2334 cantus
1028 2293 1206 2334 funesta
1246 2292 1485 2346 portendit,
1525 2293 1575 2332 ut
1611 2290 1746 2333 etiam

250 2366 466 2416 bubonis3
494 2368 545 2408 cf.
574 2367 700 2421 Verg.
729 2368 835 2410 Aen.
852 2369 923 2409 IV.
944 2370 1180 2410 462—463
1201 2385 1210 2410 ε
1235 2368 1449 2423 «Solaque
1476 2367 1746 2409 carminibus

250 2444 377 2489 ferali
404 2445 599 2486 carmine
637 2445 754 2487 bubo
782 2444 905 2499 Saepe
932 2445 1056 2499 queri
1083 2447 1125 2487 et
1151 2446 1307 2500 longas
1334 2446 1382 2486 in
1407 2445 1562 2486 fletum
1588 2444 1746 2486 ducere

249 2532 421 2561 voces».
450 2545 508 2548 —
533 2521 733 2564 violenta
759 2522 1012 2575 appellatur
1038 2522 1157 2571 strix,
1187 2523 1291 2576 quia
1319 2523 1385 2563 est
1411 2522 1504 2562 avis
1543 2534 1678 2574 rapax
1704 2523 1747 2562 et

250 2597 445 2638 infantes
485 2597 531 2638 in
574 2599 701 2639 cunis
742 2599 936 2640 lacerare
983 2599 1247 2652 putabatur;
1290 2599 1342 2639 cf.
1387 2596 1462 2639 Ov.
1510 2596 1629 2638 Fast.
1671 2597 1742 2639 VI.

255 2673 512 2715 135—140:
541 2673 700 2715 «Nocte
717 2676 872 2716 volant
895 2689 1145 2730 puerosque
1171 2678 1330 2730 petunt
1353 2674 1541 2715 nutricis
1567 2657 1747 2727 egentes

251 2750 307 2791 Et
331 2749 493 2790 vitiant
519 2750 644 2791 cunis
672 2763 859 2804 corpora
896 2755 1025 2805 rapta
1053 2753 1145 2794 suis
1160 2766 1171 2801 3
1200 2751 1388 2805 Carpere
1415 2749 1624 2792 dicuntur
1659 2752 1747 2792 lac-
