<?xml version="1.0" encoding="UTF-8"?>
<!DOCTYPE html PUBLIC "-//W3C//DTD XHTML 1.0 Transitional//EN"
    "http://www.w3.org/TR/xhtml1/DTD/xhtml1-transitional.dtd">
<html xmlns="http://www.w3.org/1999/xhtml" xml:lang="en" lang="en">
 <head>
  <title>
</title>
<meta http-equiv="Content-Type" content="text/html;charset=utf-8" />
  <meta name='ocr-system' content='tesseract 3.04.00' />
  <meta name='ocr-capabilities' content='ocr_page ocr_carea ocr_par ocr_line ocrx_word'/>
</head>
<body>
  <div class='ocr_page' id='page_1' title='image "./carminaaccedunts00tibuuoft_0234.png"; bbox 0 0 1942 3132; ppageno 0'>
   <div class='ocr_carea' id='block_1_1' title="bbox 287 213 1221 266">
    <p class='ocr_par' dir='ltr' id='par_1_1' title="bbox 287 213 1221 266">
     <span class='ocr_line' id='line_1_1' title="bbox 287 213 1221 266; baseline 0 -9"><span class='ocrx_word' id='word_1_1' title='bbox 287 213 356 248; x_wconf 70' lang='lat'>2³30</span> <span class='ocrx_word' id='word_1_2' title='bbox 841 230 903 258; x_wconf 81' lang='lat' dir='ltr'>AD·</span> <span class='ocrx_word' id='word_1_3' title='bbox 917 229 973 258; x_wconf 89' lang='lat' dir='ltr'>1v.</span> <span class='ocrx_word' id='word_1_4' title='bbox 997 228 1030 266; x_wconf 82' lang='lat'>4,</span> <span class='ocrx_word' id='word_1_5' title='bbox 1059 227 1221 257; x_wconf 73' lang='lat'><strong>19—26.</strong></span> 
     </span>
    </p>
   </div>
   <div class='ocr_carea' id='block_1_2' title="bbox 280 345 1769 1918">
    <p class='ocr_par' dir='ltr' id='par_1_2' title="bbox 283 345 1769 1012">
     <span class='ocr_line' id='line_1_2' title="bbox 286 345 1768 399; baseline 0.002 -12"><span class='ocrx_word' id='word_1_6' title='bbox 286 359 391 387; x_wconf 79' lang='lat' dir='ltr'>nas»</span> <span class='ocrx_word' id='word_1_7' title='bbox 425 347 467 386; x_wconf 87' lang='lat' dir='ltr'>et</span> <span class='ocrx_word' id='word_1_8' title='bbox 493 345 574 399; x_wconf 89' lang='lat' dir='ltr'>Ep.</span> <span class='ocrx_word' id='word_1_9' title='bbox 600 346 635 387; x_wconf 90' lang='lat' dir='ltr'>I.</span> <span class='ocrx_word' id='word_1_10' title='bbox 661 347 702 395; x_wconf 81' lang='lat'>4,</span> <span class='ocrx_word' id='word_1_11' title='bbox 735 347 784 387; x_wconf 86' lang='lat'>1:</span> <span class='ocrx_word' id='word_1_12' title='bbox 825 346 959 395; x_wconf 88' lang='lat' dir='ltr'>«Albi,</span> <span class='ocrx_word' id='word_1_13' title='bbox 999 349 1252 388; x_wconf 82' lang='lat' dir='ltr'>nostrorum</span> <span class='ocrx_word' id='word_1_14' title='bbox 1291 359 1548 387; x_wconf 81' lang='lat' dir='ltr'><strong>sermonum</strong></span> <span class='ocrx_word' id='word_1_15' title='bbox 1587 348 1768 390; x_wconf 81' lang='lat' dir='ltr'>candide</span> 
     </span>
     <span class='ocr_line' id='line_1_3' title="bbox 285 420 1769 469; baseline 0.002 -7"><span class='ocrx_word' id='word_1_16' title='bbox 285 420 437 462; x_wconf 84' lang='lat' dir='ltr'>iudex»</span> <span class='ocrx_word' id='word_1_17' title='bbox 469 421 498 462; x_wconf 86' lang='lat' dir='ltr'>i.</span> <span class='ocrx_word' id='word_1_18' title='bbox 526 435 562 463; x_wconf 88' lang='lat' dir='ltr'>e.</span> <span class='ocrx_word' id='word_1_19' title='bbox 591 422 772 463; x_wconf 79' lang='lat' dir='ltr'>sincere.</span> <span class='ocrx_word' id='word_1_20' title='bbox 798 447 856 450; x_wconf 91' lang='lat'>—</span> <span class='ocrx_word' id='word_1_21' title='bbox 878 420 1063 464; x_wconf 72' lang='lat' dir='ltr'>credula</span> <span class='ocrx_word' id='word_1_22' title='bbox 1092 421 1237 469; x_wconf 75' lang='lat' dir='ltr'>turba,</span> <span class='ocrx_word' id='word_1_23' title='bbox 1266 422 1400 463; x_wconf 86' lang='lat' dir='ltr'>ceteri</span> <span class='ocrx_word' id='word_1_24' title='bbox 1427 426 1646 465; x_wconf 81' lang='lat' dir='ltr'>amatores</span> <span class='ocrx_word' id='word_1_25' title='bbox 1672 422 1769 465; x_wconf 82' lang='lat' dir='ltr'>Sul—</span> 
     </span>
     <span class='ocr_line' id='line_1_4' title="bbox 284 497 1767 552; baseline 0.003 -14"><span class='ocrx_word' id='word_1_26' title='bbox 284 498 422 551; x_wconf 84' lang='lat' dir='ltr'>piciae,</span> <span class='ocrx_word' id='word_1_27' title='bbox 452 497 524 551; x_wconf 91' lang='lat' dir='ltr'>qui</span> <span class='ocrx_word' id='word_1_28' title='bbox 553 510 597 539; x_wconf 79' lang='lat' dir='ltr'>se</span> <span class='ocrx_word' id='word_1_29' title='bbox 626 511 820 539; x_wconf 87' lang='lat' dir='ltr'>amorem</span> <span class='ocrx_word' id='word_1_30' title='bbox 846 498 1005 551; x_wconf 86' lang='lat' dir='ltr'>puellae</span> <span class='ocrx_word' id='word_1_31' title='bbox 1032 498 1115 539; x_wconf 84' lang='lat' dir='ltr'>eibi</span> <span class='ocrx_word' id='word_1_32' title='bbox 1144 497 1379 540; x_wconf 86' lang='lat' dir='ltr'>conciliare</span> <span class='ocrx_word' id='word_1_33' title='bbox 1405 512 1536 552; x_wconf 79' lang='lat' dir='ltr'>posse</span> <span class='ocrx_word' id='word_1_34' title='bbox 1564 500 1767 550; x_wconf 69' lang='lat' dir='ltr'>credunt:</span> 
     </span>
     <span class='ocr_line' id='line_1_5' title="bbox 285 573 1769 630; baseline 0.002 -15"><span class='ocrx_word' id='word_1_35' title='bbox 285 574 339 615; x_wconf 90' lang='lat' dir='ltr'>cf.</span> <span class='ocrx_word' id='word_1_36' title='bbox 362 573 439 615; x_wconf 91' lang='lat' dir='ltr'>Ov.</span> <span class='ocrx_word' id='word_1_37' title='bbox 462 573 586 615; x_wconf 81' lang='lat' dir='ltr'>Rem.</span> <span class='ocrx_word' id='word_1_38' title='bbox 615 574 873 615; x_wconf 38' lang='lat' dir='ltr'>685ffl686:</span> <span class='ocrx_word' id='word_1_39' title='bbox 908 574 1188 615; x_wconf 78' lang='lat' dir='ltr'>«Desinimus</span> <span class='ocrx_word' id='word_1_40' title='bbox 1222 574 1357 623; x_wconf 86' lang='lat' dir='ltr'>tarde,</span> <span class='ocrx_word' id='word_1_41' title='bbox 1386 575 1489 628; x_wconf 87' lang='lat' dir='ltr'>quia</span> <span class='ocrx_word' id='word_1_42' title='bbox 1514 589 1596 617; x_wconf 78' lang='lat' dir='ltr'>nos</span> <span class='ocrx_word' id='word_1_43' title='bbox 1624 589 1769 630; x_wconf 84' lang='lat' dir='ltr'>spera-</span> 
     </span>
     <span class='ocr_line' id='line_1_6' title="bbox 284 649 1767 703; baseline 0.002 -12"><span class='ocrx_word' id='word_1_44' title='bbox 284 663 383 691; x_wconf 79' lang='lat' dir='ltr'>mus</span> <span class='ocrx_word' id='word_1_45' title='bbox 410 650 575 699; x_wconf 85' lang='lat' dir='ltr'>amari;</span> <span class='ocrx_word' id='word_1_46' title='bbox 601 649 718 691; x_wconf 87' lang='lat' dir='ltr'>Dum</span> <span class='ocrx_word' id='word_1_47' title='bbox 746 649 829 691; x_wconf 83' lang='lat' dir='ltr'>sibi</span> <span class='ocrx_word' id='word_1_48' title='bbox 846 651 1029 703; x_wconf 82' lang='lat' dir='ltr'>quisque</span> <span class='ocrx_word' id='word_1_49' title='bbox 1055 650 1211 703; x_wconf 88' lang='lat' dir='ltr'>placet,</span> <span class='ocrx_word' id='word_1_50' title='bbox 1232 650 1407 693; x_wconf 81' lang='lat' dir='ltr'>credula</span> <span class='ocrx_word' id='word_1_51' title='bbox 1425 651 1554 693; x_wconf 90' lang='lat' dir='ltr'>turba</span> <span class='ocrx_word' id='word_1_52' title='bbox 1571 665 1767 694; x_wconf 80' lang='lat' dir='ltr'>sumus».</span> 
     </span>
     <span class='ocr_line' id='line_1_7' title="bbox 285 726 1768 784; baseline 0.001 -15"><span class='ocrx_word' id='word_1_53' title='bbox 285 726 565 769; x_wconf 74' lang='lat' dir='ltr'>Contrarium</span> <span class='ocrx_word' id='word_1_54' title='bbox 602 727 706 768; x_wconf 87' lang='lat' dir='ltr'>dicit</span> <span class='ocrx_word' id='word_1_55' title='bbox 743 726 853 769; x_wconf 90' lang='lat' dir='ltr'>Hor.</span> <span class='ocrx_word' id='word_1_56' title='bbox 892 726 1035 769; x_wconf 77' lang='lat' dir='ltr'>Carm,</span> <span class='ocrx_word' id='word_1_57' title='bbox 1070 727 1143 769; x_wconf 90' lang='lat' dir='ltr'>IV.</span> <span class='ocrx_word' id='word_1_58' title='bbox 1187 728 1220 777; x_wconf 91' lang='lat'>1,</span> <span class='ocrx_word' id='word_1_59' title='bbox 1264 728 1343 769; x_wconf 84' lang='lat'>30:</span> <span class='ocrx_word' id='word_1_60' title='bbox 1393 727 1510 769; x_wconf 88' lang='lat' dir='ltr'>«Iam</span> <span class='ocrx_word' id='word_1_61' title='bbox 1551 742 1633 770; x_wconf 91' lang='lat' dir='ltr'>nec</span> <span class='ocrx_word' id='word_1_62' title='bbox 1670 743 1768 784; x_wconf 78' lang='lat' dir='ltr'>spes</span> 
     </span>
     <span class='ocr_line' id='line_1_8' title="bbox 285 802 1766 859; baseline 0.003 -15"><span class='ocrx_word' id='word_1_63' title='bbox 285 803 421 844; x_wconf 88' lang='lat' dir='ltr'>animi</span> <span class='ocrx_word' id='word_1_64' title='bbox 448 803 625 845; x_wconf 87' lang='lat' dir='ltr'>credula</span> <span class='ocrx_word' id='word_1_65' title='bbox 649 804 836 845; x_wconf 89' lang='lat' dir='ltr'>mutui».</span> <span class='ocrx_word' id='word_1_66' title='bbox 863 827 923 843; x_wconf 63' lang='lat'>—,</span> <span class='ocrx_word' id='word_1_67' title='bbox 946 802 1076 853; x_wconf 77' lang='lat' dir='ltr'>sedet,</span> <span class='ocrx_word' id='word_1_68' title='bbox 1104 804 1302 858; x_wconf 81' lang='lat' dir='ltr'>puellam</span> <span class='ocrx_word' id='word_1_69' title='bbox 1338 805 1493 846; x_wconf 82' lang='lat' dir='ltr'>invisit</span> <span class='ocrx_word' id='word_1_70' title='bbox 1518 807 1561 846; x_wconf 82' lang='lat' dir='ltr'>et</span> <span class='ocrx_word' id='word_1_71' title='bbox 1594 809 1766 859; x_wconf 84' lang='lat' dir='ltr'>aegrotae</span> 
     </span>
     <span class='ocr_line' id='line_1_9' title="bbox 284 880 1763 935; baseline 0.001 -13"><span class='ocrx_word' id='word_1_72' title='bbox 284 881 474 930; x_wconf 80' lang='lat' dir='ltr'>assidet;</span> <span class='ocrx_word' id='word_1_73' title='bbox 501 882 554 923; x_wconf 89' lang='lat' dir='ltr'>cf.</span> <span class='ocrx_word' id='word_1_74' title='bbox 580 881 689 923; x_wconf 89' lang='lat' dir='ltr'>Hor.</span> <span class='ocrx_word' id='word_1_75' title='bbox 717 880 806 924; x_wconf 83' lang='lat' dir='ltr'>Sat.</span> <span class='ocrx_word' id='word_1_76' title='bbox 832 881 866 923; x_wconf 90' lang='grc' dir='ltr'>Ι.</span> <span class='ocrx_word' id='word_1_77' title='bbox 898 882 932 931; x_wconf 88' lang='grc'>1,</span> <span class='ocrx_word' id='word_1_78' title='bbox 973 882 1176 922; x_wconf 69' lang='lat'>81—82:</span> <span class='ocrx_word' id='word_1_79' title='bbox 1223 881 1394 930; x_wconf 83' lang='lat' dir='ltr'>«habes,</span> <span class='ocrx_word' id='word_1_80' title='bbox 1439 882 1514 935; x_wconf 87' lang='lat' dir='ltr'>qui</span> <span class='ocrx_word' id='word_1_81' title='bbox 1550 881 1763 934; x_wconf 81' lang='lat' dir='ltr'>Assideat,</span> 
     </span>
     <span class='ocr_line' id='line_1_10' title="bbox 283 958 1084 1012; baseline -0.001 -13"><span class='ocrx_word' id='word_1_82' title='bbox 283 959 480 999; x_wconf 82' lang='lat' dir='ltr'>fomenta</span> <span class='ocrx_word' id='word_1_83' title='bbox 501 960 638 1012; x_wconf 86' lang='lat' dir='ltr'>paret,</span> <span class='ocrx_word' id='word_1_84' title='bbox 666 958 887 1000; x_wconf 84' lang='lat' dir='ltr'>medicum</span> <span class='ocrx_word' id='word_1_85' title='bbox 915 961 1084 1011; x_wconf 83' lang='lat' dir='ltr'>roget».</span> 
     </span>
    </p>

    <p class='ocr_par' dir='ltr' id='par_1_3' title="bbox 280 1032 1769 1918">
     <span class='ocr_line' id='line_1_11' title="bbox 342 1032 1769 1089; baseline 0.003 -13"><span class='ocrx_word' id='word_1_86' title='bbox 342 1034 392 1076; x_wconf 88' lang='lat' dir='ltr'>V.</span> <span class='ocrx_word' id='word_1_87' title='bbox 423 1035 605 1084; x_wconf 72' lang='lat'>19—-920,</span> <span class='ocrx_word' id='word_1_88' title='bbox 635 1035 822 1076; x_wconf 66' lang='grc'><strong>23--26,</strong></span> <span class='ocrx_word' id='word_1_89' title='bbox 860 1035 910 1077; x_wconf 76' lang='lat' dir='ltr'>in</span> <span class='ocrx_word' id='word_1_90' title='bbox 941 1047 1032 1076; x_wconf 74' lang='lat' dir='ltr'>uno</span> <span class='ocrx_word' id='word_1_91' title='bbox 1068 1032 1264 1089; x_wconf 70' lang='lat' dir='ltr'>Corpore</span> <span class='ocrx_word' id='word_1_92' title='bbox 1301 1038 1476 1078; x_wconf 77' lang='lat' dir='ltr'>servato</span> <span class='ocrx_word' id='word_1_93' title='bbox 1517 1036 1769 1080; x_wconf 79' lang='lat' dir='ltr'>restituisse</span> 
     </span>
     <span class='ocr_line' id='line_1_12' title="bbox 283 1110 1766 1162; baseline 0.001 -9"><span class='ocrx_word' id='word_1_94' title='bbox 283 1110 410 1162; x_wconf 74' lang='lat' dir='ltr'>duos,</span> <span class='ocrx_word' id='word_1_95' title='bbox 436 1113 490 1153; x_wconf 84' lang='lat' dir='ltr'>cf.</span> <span class='ocrx_word' id='word_1_96' title='bbox 518 1111 594 1153; x_wconf 88' lang='lat' dir='ltr'>Ov.</span> <span class='ocrx_word' id='word_1_97' title='bbox 621 1112 717 1153; x_wconf 90' lang='lat' dir='ltr'>Am.</span> <span class='ocrx_word' id='word_1_98' title='bbox 749 1112 806 1152; x_wconf 92' lang='lat' dir='ltr'>II.</span> <span class='ocrx_word' id='word_1_99' title='bbox 839 1113 902 1160; x_wconf 83' lang='lat'>13,</span> <span class='ocrx_word' id='word_1_100' title='bbox 937 1113 1002 1153; x_wconf 85' lang='lat'>15.</span> <span class='ocrx_word' id='word_1_101' title='bbox 1031 1111 1087 1152; x_wconf 86' lang='lat' dir='ltr'>ad</span> <span class='ocrx_word' id='word_1_102' title='bbox 1111 1111 1303 1152; x_wconf 83' lang='lat' dir='ltr'>Isidem:</span> <span class='ocrx_word' id='word_1_103' title='bbox 1338 1112 1460 1153; x_wconf 90' lang='lat' dir='ltr'>«Huc</span> <span class='ocrx_word' id='word_1_104' title='bbox 1488 1112 1646 1154; x_wconf 80' lang='lat' dir='ltr'>adhibe</span> <span class='ocrx_word' id='word_1_105' title='bbox 1671 1113 1766 1155; x_wconf 87' lang='lat' dir='ltr'>vul-</span> 
     </span>
     <span class='ocr_line' id='line_1_13' title="bbox 281 1187 1768 1242; baseline 0.001 -12"><span class='ocrx_word' id='word_1_106' title='bbox 281 1190 353 1230; x_wconf 81' lang='lat' dir='ltr'>tus</span> <span class='ocrx_word' id='word_1_107' title='bbox 380 1188 495 1229; x_wconf 83' lang='lat' dir='ltr'>etin</span> <span class='ocrx_word' id='word_1_108' title='bbox 533 1201 624 1229; x_wconf 89' lang='lat' dir='ltr'>una</span> <span class='ocrx_word' id='word_1_109' title='bbox 650 1201 779 1242; x_wconf 83' lang='lat' dir='ltr'>parce</span> <span class='ocrx_word' id='word_1_110' title='bbox 818 1187 1012 1229; x_wconf 83' lang='lat' dir='ltr'>duobus»</span> <span class='ocrx_word' id='word_1_111' title='bbox 1043 1190 1085 1228; x_wconf 85' lang='lat' dir='ltr'>et</span> <span class='ocrx_word' id='word_1_112' title='bbox 1123 1188 1252 1241; x_wconf 90' lang='lat' dir='ltr'>Prop.</span> <span class='ocrx_word' id='word_1_113' title='bbox 1290 1188 1347 1229; x_wconf 91' lang='lat' dir='ltr'>II.</span> <span class='ocrx_word' id='word_1_114' title='bbox 1387 1190 1456 1238; x_wconf 68' lang='lat'>28,</span> <span class='ocrx_word' id='word_1_115' title='bbox 1495 1190 1686 1231; x_wconf 68' lang='lat'><strong>41—42.</strong></span> <span class='ocrx_word' id='word_1_116' title='bbox 1712 1190 1768 1231; x_wconf 87' lang='lat' dir='ltr'>ad</span> 
     </span>
     <span class='ocr_line' id='line_1_14' title="bbox 281 1262 1764 1318; baseline 0.001 -12"><span class='ocrx_word' id='word_1_117' title='bbox 281 1265 457 1307; x_wconf 85' lang='lat' dir='ltr'>Iovem:</span> <span class='ocrx_word' id='word_1_118' title='bbox 502 1262 573 1305; x_wconf 83' lang='lat' dir='ltr'>«Si</span> <span class='ocrx_word' id='word_1_119' title='bbox 598 1277 690 1305; x_wconf 91' lang='lat' dir='ltr'>non</span> <span class='ocrx_word' id='word_1_120' title='bbox 727 1264 873 1313; x_wconf 81' lang='lat' dir='ltr'>unius,</span> <span class='ocrx_word' id='word_1_121' title='bbox 904 1277 1061 1318; x_wconf 79' lang='lat' dir='ltr'>quaeeo,</span> <span class='ocrx_word' id='word_1_122' title='bbox 1103 1264 1310 1306; x_wconf 77' lang='lat' dir='ltr'>miserere</span> <span class='ocrx_word' id='word_1_123' title='bbox 1349 1264 1562 1315; x_wconf 87' lang='lat' dir='ltr'>duorum;</span> <span class='ocrx_word' id='word_1_124' title='bbox 1596 1265 1764 1318; x_wconf 81' lang='lat' dir='ltr'>Vivam,</span> 
     </span>
     <span class='ocr_line' id='line_1_15' title="bbox 283 1340 1766 1393; baseline 0 -8"><span class='ocrx_word' id='word_1_125' title='bbox 283 1343 319 1385; x_wconf 81' lang='lat' dir='ltr'>si</span> <span class='ocrx_word' id='word_1_126' title='bbox 345 1344 485 1385; x_wconf 85' lang='lat' dir='ltr'>vivet:</span> <span class='ocrx_word' id='word_1_127' title='bbox 514 1344 551 1384; x_wconf 82' lang='lat' dir='ltr'>si</span> <span class='ocrx_word' id='word_1_128' title='bbox 589 1342 715 1384; x_wconf 86' lang='lat' dir='ltr'>cadet</span> <span class='ocrx_word' id='word_1_129' title='bbox 751 1343 841 1391; x_wconf 86' lang='lat' dir='ltr'>illa,</span> <span class='ocrx_word' id='word_1_130' title='bbox 882 1341 1081 1383; x_wconf 83' lang='lat' dir='ltr'>cadam».</span> <span class='ocrx_word' id='word_1_131' title='bbox 1109 1365 1167 1369; x_wconf 95' lang='lat'><strong>—</strong></span> <span class='ocrx_word' id='word_1_132' title='bbox 1193 1340 1372 1390; x_wconf 75' lang='lat' dir='ltr'>celeber,</span> <span class='ocrx_word' id='word_1_133' title='bbox 1413 1342 1684 1393; x_wconf 51' lang='lat' dir='ltr'>celebratum</span> <span class='ocrx_word' id='word_1_134' title='bbox 1711 1345 1766 1386; x_wconf 89' lang='lat' dir='ltr'>cf.</span> 
     </span>
     <span class='ocr_line' id='line_1_16' title="bbox 281 1417 1762 1473; baseline 0.001 -12"><span class='ocrx_word' id='word_1_135' title='bbox 281 1433 414 1473; x_wconf 86' lang='lat' dir='ltr'>supra</span> <span class='ocrx_word' id='word_1_136' title='bbox 440 1419 540 1461; x_wconf 89' lang='lat' dir='ltr'>adn.</span> <span class='ocrx_word' id='word_1_137' title='bbox 568 1419 621 1460; x_wconf 88' lang='lat' dir='ltr'>ad</span> <span class='ocrx_word' id='word_1_138' title='bbox 648 1418 703 1460; x_wconf 90' lang='grc' dir='ltr'>ΙΙ.</span> <span class='ocrx_word' id='word_1_139' title='bbox 736 1420 770 1466; x_wconf 86' lang='grc'>1,</span> <span class='ocrx_word' id='word_1_140' title='bbox 801 1420 880 1460; x_wconf 82' lang='lat'>83:</span> <span class='ocrx_word' id='word_1_141' title='bbox 921 1418 1163 1458; x_wconf 89' lang='lat' dir='ltr'>«celebrem</span> <span class='ocrx_word' id='word_1_142' title='bbox 1190 1417 1367 1459; x_wconf 76' lang='lat' dir='ltr'>deum»,</span> <span class='ocrx_word' id='word_1_143' title='bbox 1394 1442 1452 1447; x_wconf 84' lang='lat'>—-</span> <span class='ocrx_word' id='word_1_144' title='bbox 1478 1418 1631 1462; x_wconf 75' lang='lat' dir='ltr'>debita</span> <span class='ocrx_word' id='word_1_145' title='bbox 1655 1419 1762 1463; x_wconf 77' lang='lat' dir='ltr'>red-</span> 
     </span>
     <span class='ocr_line' id='line_1_17' title="bbox 281 1494 1766 1549; baseline 0 -11"><span class='ocrx_word' id='word_1_146' title='bbox 281 1494 363 1545; x_wconf 76' lang='lat' dir='ltr'>det,</span> <span class='ocrx_word' id='word_1_147' title='bbox 394 1496 511 1537; x_wconf 84' lang='lat' dir='ltr'>dona</span> <span class='ocrx_word' id='word_1_148' title='bbox 538 1509 588 1536; x_wconf 86' lang='lat' dir='ltr'>ex</span> <span class='ocrx_word' id='word_1_149' title='bbox 612 1497 714 1536; x_wconf 88' lang='lat' dir='ltr'>voto</span> <span class='ocrx_word' id='word_1_150' title='bbox 743 1494 889 1535; x_wconf 87' lang='lat' dir='ltr'>debita</span> <span class='ocrx_word' id='word_1_151' title='bbox 906 1509 916 1544; x_wconf 82' lang='lat'><em>3</em></span> <span class='ocrx_word' id='word_1_152' title='bbox 945 1495 998 1535; x_wconf 88' lang='lat' dir='ltr'>cf.</span> <span class='ocrx_word' id='word_1_153' title='bbox 1024 1494 1155 1547; x_wconf 87' lang='lat' dir='ltr'>Prop.</span> <span class='ocrx_word' id='word_1_154' title='bbox 1193 1494 1249 1535; x_wconf 91' lang='grc' dir='ltr'>ΙΙ.</span> <span class='ocrx_word' id='word_1_155' title='bbox 1290 1495 1358 1544; x_wconf 71' lang='grc'><em>9-8,</em></span> <span class='ocrx_word' id='word_1_156' title='bbox 1389 1495 1458 1536; x_wconf 88' lang='grc'>60.</span> <span class='ocrx_word' id='word_1_157' title='bbox 1496 1495 1550 1536; x_wconf 85' lang='lat' dir='ltr'>de</span> <span class='ocrx_word' id='word_1_158' title='bbox 1577 1495 1766 1549; x_wconf 86' lang='lat' dir='ltr'>Cynthia</span> 
     </span>
     <span class='ocr_line' id='line_1_18' title="bbox 282 1570 1765 1616; baseline 0.002 -3"><span class='ocrx_word' id='word_1_159' title='bbox 282 1574 461 1614; x_wconf 85' lang='lat' dir='ltr'>sanata:</span> <span class='ocrx_word' id='word_1_160' title='bbox 508 1570 717 1612; x_wconf 87' lang='lat' dir='ltr'>«Munera</span> <span class='ocrx_word' id='word_1_161' title='bbox 754 1571 907 1612; x_wconf 81' lang='lat' dir='ltr'>Dianae</span> <span class='ocrx_word' id='word_1_162' title='bbox 946 1571 1094 1612; x_wconf 78' lang='lat' dir='ltr'>debita</span> <span class='ocrx_word' id='word_1_163' title='bbox 1133 1570 1264 1612; x_wconf 87' lang='lat' dir='ltr'>redde</span> <span class='ocrx_word' id='word_1_164' title='bbox 1304 1572 1504 1614; x_wconf 81' lang='lat' dir='ltr'>choros».</span> <span class='ocrx_word' id='word_1_165' title='bbox 1545 1597 1604 1601; x_wconf 93' lang='lat'>—</span> <span class='ocrx_word' id='word_1_166' title='bbox 1637 1573 1765 1616; x_wconf 76' lang='lat' dir='ltr'>laetus</span> 
     </span>
     <span class='ocr_line' id='line_1_19' title="bbox 280 1648 1766 1703; baseline 0.001 -12"><span class='ocrx_word' id='word_1_167' title='bbox 280 1651 477 1703; x_wconf 71' lang='lat' dir='ltr'>uterque,</span> <span class='ocrx_word' id='word_1_168' title='bbox 508 1648 610 1701; x_wconf 83' lang='lat' dir='ltr'>quia</span> <span class='ocrx_word' id='word_1_169' title='bbox 635 1648 725 1689; x_wconf 84' lang='lat' dir='ltr'>voti</span> <span class='ocrx_word' id='word_1_170' title='bbox 764 1650 991 1701; x_wconf 81' lang='lat' dir='ltr'>compotes</span> <span class='ocrx_word' id='word_1_171' title='bbox 1033 1648 1135 1688; x_wconf 87' lang='lat' dir='ltr'>facti</span> <span class='ocrx_word' id='word_1_172' title='bbox 1175 1650 1303 1697; x_wconf 80' lang='lat' dir='ltr'>sunt;</span> <span class='ocrx_word' id='word_1_173' title='bbox 1343 1649 1395 1689; x_wconf 88' lang='lat' dir='ltr'>cf.</span> <span class='ocrx_word' id='word_1_174' title='bbox 1422 1648 1551 1702; x_wconf 85' lang='lat' dir='ltr'>Verg.</span> <span class='ocrx_word' id='word_1_175' title='bbox 1582 1649 1690 1691; x_wconf 89' lang='lat' dir='ltr'>Aen.</span> <span class='ocrx_word' id='word_1_176' title='bbox 1715 1650 1766 1692; x_wconf 92' lang='lat' dir='ltr'>V.</span> 
     </span>
     <span class='ocr_line' id='line_1_20' title="bbox 282 1723 1767 1776; baseline 0.001 -10"><span class='ocrx_word' id='word_1_177' title='bbox 282 1725 538 1766; x_wconf 70' lang='lat'><strong>235—236:</strong></span> <span class='ocrx_word' id='word_1_178' title='bbox 573 1724 730 1765; x_wconf 81' lang='lat' dir='ltr'>«Vobis</span> <span class='ocrx_word' id='word_1_179' title='bbox 756 1724 884 1765; x_wconf 83' lang='lat' dir='ltr'>laetus</span> <span class='ocrx_word' id='word_1_180' title='bbox 914 1737 992 1776; x_wconf 84' lang='lat' dir='ltr'>ego</span> <span class='ocrx_word' id='word_1_181' title='bbox 1032 1724 1116 1764; x_wconf 92' lang='lat' dir='ltr'>hoc</span> <span class='ocrx_word' id='word_1_182' title='bbox 1142 1723 1406 1766; x_wconf 84' lang='lat' dir='ltr'>candentem</span> <span class='ocrx_word' id='word_1_183' title='bbox 1443 1725 1491 1766; x_wconf 91' lang='lat' dir='ltr'>in</span> <span class='ocrx_word' id='word_1_184' title='bbox 1515 1725 1644 1768; x_wconf 84' lang='lat' dir='ltr'>litore</span> <span class='ocrx_word' id='word_1_185' title='bbox 1670 1729 1767 1768; x_wconf 85' lang='lat' dir='ltr'>tau-</span> 
     </span>
     <span class='ocr_line' id='line_1_21' title="bbox 280 1800 1764 1853; baseline 0.003 -12"><span class='ocrx_word' id='word_1_186' title='bbox 280 1814 378 1841; x_wconf 89' lang='lat' dir='ltr'>rum</span> <span class='ocrx_word' id='word_1_187' title='bbox 405 1800 684 1842; x_wconf 82' lang='lat' dir='ltr'>Constituam</span> <span class='ocrx_word' id='word_1_188' title='bbox 723 1802 824 1841; x_wconf 85' lang='lat' dir='ltr'>ante</span> <span class='ocrx_word' id='word_1_189' title='bbox 867 1813 964 1841; x_wconf 82' lang='lat' dir='ltr'>aras</span> <span class='ocrx_word' id='word_1_190' title='bbox 1002 1801 1096 1841; x_wconf 87' lang='lat' dir='ltr'>voti</span> <span class='ocrx_word' id='word_1_191' title='bbox 1134 1814 1278 1842; x_wconf 74' lang='lat' dir='ltr'>reus»,</span> <span class='ocrx_word' id='word_1_192' title='bbox 1305 1825 1363 1829; x_wconf 93' lang='lat'><strong>—</strong></span> <span class='ocrx_word' id='word_1_193' title='bbox 1389 1803 1538 1844; x_wconf 72' lang='lat' dir='ltr'>artes.</span> <span class='ocrx_word' id='word_1_194' title='bbox 1566 1835 1575 1844; x_wconf 89' lang='lat'><strong>.</strong></span> <span class='ocrx_word' id='word_1_195' title='bbox 1599 1835 1609 1845; x_wconf 86' lang='lat'><strong>.</strong></span> <span class='ocrx_word' id='word_1_196' title='bbox 1648 1804 1764 1853; x_wconf 77' lang='lat' dir='ltr'>tuas,</span> 
     </span>
     <span class='ocr_line' id='line_1_22' title="bbox 282 1876 753 1918; baseline -0.002 0"><span class='ocrx_word' id='word_1_197' title='bbox 282 1890 338 1918; x_wconf 79' lang='lat' dir='ltr'>sc.</span> <span class='ocrx_word' id='word_1_198' title='bbox 366 1879 506 1918; x_wconf 85' lang='lat' dir='ltr'>artem</span> <span class='ocrx_word' id='word_1_199' title='bbox 531 1876 753 1918; x_wconf 85' lang='lat' dir='ltr'>medendi.</span> 
     </span>
    </p>
   </div>
   <div class='ocr_carea' id='block_1_3' title="bbox 818 2041 1215 2201">
    <p class='ocr_par' dir='ltr' id='par_1_4' title="bbox 818 2041 1215 2201">
     <span class='ocr_line' id='line_1_23' title="bbox 1003 2041 1076 2083; baseline 0.014 -1"><span class='ocrx_word' id='word_1_200' title='bbox 1003 2041 1076 2083; x_wconf 91' lang='lat' dir='ltr'>IV.</span> 
     </span>
     <span class='ocr_line' id='line_1_24' title="bbox 818 2151 1215 2201; baseline 0 -11"><span class='ocrx_word' id='word_1_201' title='bbox 818 2151 905 2191; x_wconf 90' lang='lat' dir='ltr'>Lib.</span> <span class='ocrx_word' id='word_1_202' title='bbox 933 2151 1004 2192; x_wconf 90' lang='lat' dir='ltr'>IV.</span> <span class='ocrx_word' id='word_1_203' title='bbox 1035 2152 1147 2201; x_wconf 88' lang='lat' dir='ltr'>eleg.</span> <span class='ocrx_word' id='word_1_204' title='bbox 1177 2153 1215 2190; x_wconf 85' lang='lat'>5.</span> 
     </span>
    </p>
   </div>
   <div class='ocr_carea' id='block_1_4' title="bbox 276 2259 1767 2772">
    <p class='ocr_par' dir='ltr' id='par_1_5' title="bbox 276 2259 1767 2772">
     <span class='ocr_line' id='line_1_25' title="bbox 335 2259 1764 2315; baseline 0 -13"><span class='ocrx_word' id='word_1_205' title='bbox 335 2261 702 2304; x_wconf 62' lang='lat' dir='ltr'>Introductio.</span> <span class='ocrx_word' id='word_1_206' title='bbox 732 2261 927 2315; x_wconf 81' lang='lat' dir='ltr'>Sulpicia</span> <span class='ocrx_word' id='word_1_207' title='bbox 953 2261 1150 2302; x_wconf 88' lang='lat' dir='ltr'>natalem</span> <span class='ocrx_word' id='word_1_208' title='bbox 1176 2259 1375 2302; x_wconf 84' lang='lat' dir='ltr'>Cerinthi</span> <span class='ocrx_word' id='word_1_209' title='bbox 1399 2260 1625 2302; x_wconf 79' lang='lat' dir='ltr'>celebrans</span> <span class='ocrx_word' id='word_1_210' title='bbox 1652 2274 1764 2302; x_wconf 81' lang='lat' dir='ltr'>sem-</span> 
     </span>
     <span class='ocr_line' id='line_1_26' title="bbox 276 2337 1764 2391; baseline -0.001 -12"><span class='ocrx_word' id='word_1_211' title='bbox 276 2337 355 2391; x_wconf 83' lang='lat' dir='ltr'>per</span> <span class='ocrx_word' id='word_1_212' title='bbox 382 2338 465 2379; x_wconf 80' lang='lat' dir='ltr'>eibi</span> <span class='ocrx_word' id='word_1_213' title='bbox 493 2340 694 2379; x_wconf 79' lang='lat' dir='ltr'>sanctum</span> <span class='ocrx_word' id='word_1_214' title='bbox 721 2339 838 2379; x_wconf 88' lang='lat' dir='ltr'>hunc</span> <span class='ocrx_word' id='word_1_215' title='bbox 875 2338 992 2379; x_wconf 85' lang='lat' dir='ltr'>diem</span> <span class='ocrx_word' id='word_1_216' title='bbox 1020 2339 1113 2379; x_wconf 83' lang='lat' dir='ltr'>fore</span> <span class='ocrx_word' id='word_1_217' title='bbox 1153 2337 1238 2378; x_wconf 85' lang='lat' dir='ltr'>ait:</span> <span class='ocrx_word' id='word_1_218' title='bbox 1261 2337 1422 2378; x_wconf 84' lang='lat' dir='ltr'>uritur</span> <span class='ocrx_word' id='word_1_219' title='bbox 1459 2337 1578 2378; x_wconf 87' lang='lat' dir='ltr'>enim</span> <span class='ocrx_word' id='word_1_220' title='bbox 1616 2350 1764 2379; x_wconf 86' lang='lat' dir='ltr'>amore</span> 
     </span>
     <span class='ocr_line' id='line_1_27' title="bbox 277 2413 1767 2468; baseline 0.001 -15"><span class='ocrx_word' id='word_1_221' title='bbox 277 2413 463 2463; x_wconf 79' lang='lat' dir='ltr'>iuvenis,</span> <span class='ocrx_word' id='word_1_222' title='bbox 503 2427 633 2467; x_wconf 91' lang='lat' dir='ltr'>quem</span> <span class='ocrx_word' id='word_1_223' title='bbox 672 2414 808 2455; x_wconf 81' lang='lat' dir='ltr'>simili</span> <span class='ocrx_word' id='word_1_224' title='bbox 853 2415 955 2468; x_wconf 85' lang='lat' dir='ltr'>igne</span> <span class='ocrx_word' id='word_1_225' title='bbox 997 2414 1156 2455; x_wconf 86' lang='lat' dir='ltr'>torreri</span> <span class='ocrx_word' id='word_1_226' title='bbox 1196 2414 1319 2467; x_wconf 87' lang='lat' dir='ltr'>cupit</span> <span class='ocrx_word' id='word_1_227' title='bbox 1359 2414 1519 2465; x_wconf 82' lang='lat'>(1—8).</span> <span class='ocrx_word' id='word_1_228' title='bbox 1560 2413 1767 2455; x_wconf 87' lang='lat' dir='ltr'>Precatur</span> 
     </span>
     <span class='ocr_line' id='line_1_28' title="bbox 278 2489 1763 2539; baseline -0.001 -8"><span class='ocrx_word' id='word_1_229' title='bbox 278 2489 435 2532; x_wconf 88' lang='lat' dir='ltr'>deinde</span> <span class='ocrx_word' id='word_1_230' title='bbox 462 2490 667 2539; x_wconf 74' lang='lat' dir='ltr'>Genium,</span> <span class='ocrx_word' id='word_1_231' title='bbox 704 2494 753 2532; x_wconf 92' lang='lat' dir='ltr'>ut</span> <span class='ocrx_word' id='word_1_232' title='bbox 778 2491 893 2533; x_wconf 82' lang='lat' dir='ltr'>votis</span> <span class='ocrx_word' id='word_1_233' title='bbox 927 2491 1101 2532; x_wconf 78' lang='lat' dir='ltr'>iuvenis</span> <span class='ocrx_word' id='word_1_234' title='bbox 1128 2503 1180 2531; x_wconf 88' lang='lat' dir='ltr'>ea</span> <span class='ocrx_word' id='word_1_235' title='bbox 1213 2492 1389 2531; x_wconf 86' lang='lat' dir='ltr'>tantum</span> <span class='ocrx_word' id='word_1_236' title='bbox 1416 2489 1675 2531; x_wconf 87' lang='lat' dir='ltr'>condicione</span> <span class='ocrx_word' id='word_1_237' title='bbox 1701 2490 1763 2531; x_wconf 82' lang='lat' dir='ltr'>fa-</span> 
     </span>
     <span class='ocr_line' id='line_1_29' title="bbox 277 2549 1765 2618; baseline -0.001 -11"><span class='ocrx_word' id='word_1_238' title='bbox 277 2568 389 2615; x_wconf 81' lang='lat' dir='ltr'>veat,</span> <span class='ocrx_word' id='word_1_239' title='bbox 418 2566 456 2608; x_wconf 83' lang='lat' dir='ltr'>si</span> <span class='ocrx_word' id='word_1_240' title='bbox 481 2566 519 2608; x_wconf 80' lang='lat' dir='ltr'>is</span> <span class='ocrx_word' id='word_1_241' title='bbox 545 2566 733 2608; x_wconf 86' lang='lat' dir='ltr'>fideliter</span> <span class='ocrx_word' id='word_1_242' title='bbox 774 2570 893 2608; x_wconf 88' lang='lat' dir='ltr'>amet</span> <span class='ocrx_word' id='word_1_243' title='bbox 919 2549 1137 2618; x_wconf 47' lang='lat' dir='ltr'>(9—‘12Q</span> <span class='ocrx_word' id='word_1_244' title='bbox 1166 2568 1262 2607; x_wconf 89' lang='lat' dir='ltr'>orat</span> <span class='ocrx_word' id='word_1_245' title='bbox 1300 2566 1434 2607; x_wconf 85' lang='lat' dir='ltr'>etiam</span> <span class='ocrx_word' id='word_1_246' title='bbox 1459 2565 1688 2614; x_wconf 87' lang='lat' dir='ltr'>Venerem,</span> <span class='ocrx_word' id='word_1_247' title='bbox 1715 2568 1765 2607; x_wconf 90' lang='lat' dir='ltr'>ut</span> 
     </span>
     <span class='ocr_line' id='line_1_30' title="bbox 279 2641 1764 2697; baseline 0.001 -14"><span class='ocrx_word' id='word_1_248' title='bbox 279 2656 325 2684; x_wconf 84' lang='lat' dir='ltr'>se</span> <span class='ocrx_word' id='word_1_249' title='bbox 352 2641 697 2697; x_wconf 88' lang='lat' dir='ltr'>Cerinthumque</span> <span class='ocrx_word' id='word_1_250' title='bbox 733 2643 902 2685; x_wconf 76' lang='lat' dir='ltr'>catenis</span> <span class='ocrx_word' id='word_1_251' title='bbox 929 2656 1050 2697; x_wconf 85' lang='lat' dir='ltr'>aeque</span> <span class='ocrx_word' id='word_1_252' title='bbox 1088 2642 1228 2685; x_wconf 84' lang='lat' dir='ltr'>firmis</span> <span class='ocrx_word' id='word_1_253' title='bbox 1261 2643 1429 2685; x_wconf 85' lang='lat' dir='ltr'>vinciat</span> <span class='ocrx_word' id='word_1_254' title='bbox 1465 2643 1685 2694; x_wconf 80' lang='lat'>(13—18).</span> <span class='ocrx_word' id='word_1_255' title='bbox 1711 2642 1764 2684; x_wconf 90' lang='lat' dir='ltr'>In</span> 
     </span>
     <span class='ocr_line' id='line_1_31' title="bbox 277 2717 1260 2772; baseline 0.002 -13"><span class='ocrx_word' id='word_1_256' title='bbox 277 2717 367 2759; x_wconf 86' lang='lat' dir='ltr'>fine</span> <span class='ocrx_word' id='word_1_257' title='bbox 393 2719 606 2772; x_wconf 86' lang='lat' dir='ltr'>repetitur</span> <span class='ocrx_word' id='word_1_258' title='bbox 631 2719 852 2761; x_wconf 77' lang='lat' dir='ltr'>invocatio</span> <span class='ocrx_word' id='word_1_259' title='bbox 881 2718 1012 2761; x_wconf 86' lang='lat' dir='ltr'>Genii</span> <span class='ocrx_word' id='word_1_260' title='bbox 1038 2720 1260 2772; x_wconf 71' lang='lat'>(19—20).</span> 
     </span>
    </p>
   </div>
   <div class='ocr_carea' id='block_1_5' title="bbox 1848 0 1942 526">
    <p class='ocr_par' dir='ltr' id='par_1_6' title="bbox 1848 0 1942 526">
     <span class='ocr_line' id='line_1_32' title="bbox 1848 0 1942 526; baseline 0 2606"><span class='ocrx_word' id='word_1_261' title='bbox 1848 0 1942 526; x_wconf 95' lang='lat' dir='ltr'> </span> 
     </span>
    </p>
   </div>
  </div>
 </body>
</html>
