1942 3132
728 186 784 216 An
804 187 854 216 11.
876 185 910 223 5,
934 184 1100 216 89—44.
1307 150 1317 160 ’
1590 172 1661 207 2⁷9

168 315 308 367 aqua,
333 307 383 346 ut
409 317 544 359 supra
568 303 603 346 Ι.
629 304 670 354 4,
703 304 768 347 12.
796 302 851 345 de
882 305 1090 346 natante:
1124 303 1233 345 «Hic
1270 296 1492 358 placidam
1529 305 1661 346 niveo

166 383 343 434 pectore
380 380 511 435 pellit
535 394 739 435 aquam»;
764 381 819 423 cf.
846 379 1006 423 Catull.
1033 382 1102 429 64,
1131 382 1213 424 56:
1247 381 1444 423 «iuvenis
1484 380 1661 435 fugiens

165 456 295 510 pellit
319 456 432 500 vada
454 457 614 500 remis»
637 471 648 506 ;
681 455 757 499 Ov.
786 456 914 499 Trist.
940 456 1014 499 IV.
1046 458 1083 507 1,
1111 459 1283 500 9—10:
1306 457 1501 511 «Quique
1529 458 1664 500 refert

165 534 333 588 pariter
356 535 503 577 lentos
519 533 576 576 ad
589 536 770 589 pectora
785 547 945 585 remos,
961 534 1016 577 In
1041 548 1279 578 numerum
1303 535 1434 590 pulsa
1456 535 1662 577 bracchia

168 610 302 652 iactat
326 623 463 666 aqua»
495 612 540 652 et
563 610 627 652 Ex
650 610 776 653 Pont.
804 610 876 653 IV.
909 612 975 661 10,
1006 612 1086 654 33:
1120 625 1231 666 «qua
1256 625 1405 654 remus
1442 612 1527 654 iter
1563 613 1661 666 pul-

168 687 229 730 sis
254 687 386 730 modo
413 688 579 730 fecerat
602 688 778 730 undis».
805 713 863 717 —
883 701 970 745 per
993 688 1131 745 vada,
1155 703 1236 745 per
1259 689 1458 744 paludes.
1479 714 1536 726 -ι-
1562 689 1662 743 illa,

168 764 448 807 adverbium:
490 764 606 808 illac.
650 790 707 794 —
746 765 900 823 qreqis
941 765 1026 809 diti
1052 801 1060 808 .
1090 801 1098 809 .
1129 801 1137 809 .
1172 766 1411 823 mayistro,
1451 767 1526 821 qui
1569 769 1663 808 erat

164 824 376 885 'dominus
401 844 445 884 et
468 845 622 896 pastor
644 844 790 898 gregis
813 844 896 886 sui.
912 868 971 872 ——
991 843 1242 899 placitura,
1266 847 1318 886 ut
1343 845 1540 887 favorem
1567 843 1662 886 eius

168 918 251 960 sibi
277 918 545 961 conciliaret.
560 944 618 948 —
633 918 696 963 ad
710 919 934 976 iuvenem,
951 934 1009 963 sc.
1029 921 1087 963 ad·
1110 921 1375 976 magistrum
1400 921 1557 975 gregis,
1587 921 1662 975 qui

166 997 341 1039 iuvenis
367 1000 474 1039 erat.
492 1022 550 1026 --
566 997 684 1054 festa
700 1032 710 1040 .
730 1033 739 1041 .
761 1033 769 1042 .
790 997 878 1053 die,
894 1012 994 1040 cum
1022 999 1155 1041 ferias
1181 999 1398 1041 haberent
1421 998 1589 1041 rustici.
1604 1023 1662 1027 —-

166 1073 308 1118 niveae
334 1109 342 1117 .
373 1109 382 1117 .
413 1109 421 1118 .
451 1076 564 1130 ovis,
605 1080 655 1119 ut
696 1090 830 1132 supra
871 1077 928 1119 Π.
967 1078 1008 1128 4,
1048 1078 1130 1120 28:
1163 1077 1364 1119 «niveam
1406 1090 1577 1119 ovem».
1604 1101 1663 1104 —

167 1150 393 1195 candidus
434 1165 603 1210 aquus,
642 1154 744 1196 alba
783 1155 890 1197 lana
931 1155 1132 1209 fulgens3
1174 1155 1226 1196 cf.
1268 1167 1403 1208 supra
1427 1154 1482 1196 Π.
1515 1156 1551 1203 1,
1580 1155 1662 1196 62:

172 1228 331 1271 «Molle
355 1231 470 1283 gerit
494 1233 618 1286 tergo
644 1231 792 1274 lucida
816 1233 959 1274 vellus
986 1233 1123 1275 ovis».

225 1305 274 1348 V.
315 1308 502 1350 39—44.
549 1306 751 1365 Impiger
794 1307 964 1364 Aenea,
1009 1323 1094 1351 vss.
1144 1310 1332 1352 39—64.
1380 1311 1486 1351 sunt
1530 1309 1664 1350 verba

167 1382 345 1438 Sibyllae
383 1384 437 1427 ad
475 1386 699 1435 Aeneam;
737 1385 948 1444 impi96r‚
985 1386 1090 1441 quia
1127 1386 1278 1430 decem
1317 1399 1460 1429 annos
1487 1386 1663 1434 erravit,

165 1463 216 1502 ut
241 1461 289 1503 in
314 1461 491 1504 Italiam
529 1463 793 1517 perveniret.
832 1462 1001 1505 Eadem
1039 1463 1092 1506 de
1124 1477 1259 1506 causa
1282 1463 1389 1506 Hor.
1419 1463 1561 1507 Carm.
1589 1463 1662 1506 IV.

166 1540 205 1587 8,
230 1540 311 1581 30:
345 1539 558 1594 «impiger
577 1539 836 1591 Hercules»,
861 1541 1024 1596 quippe
1047 1541 1121 1596 qui
1145 1541 1297 1584 orbem
1319 1544 1538 1584 terrarum
1565 1555 1664 1596 per-

166 1616 396 1669 agraverit.
424 1641 482 1645 —
507 1617 654 1674 frater
690 1616 894 1673 Amoris,
933 1621 1028 1660 erat
1066 1619 1187 1661 enim
1223 1618 1343 1661 filius
1368 1618 1580 1669 Veneris;
1607 1620 1663 1661 cf.

165 1692 293 1748 Verg.
330 1694 439 1737 Aen.
478 1694 512 1737 I.
553 1696 801 1739 667—668.
831 1696 997 1748 (Venus
1035 1697 1091 1739 ad
1127 1698 1377 1750 Amorem):
1411 1696 1590 1739 «Frater
1614 1699 1665 1738 ut

165 1771 340 1813 Aeneas
385 1772 543 1826 pelago
589 1775 694 1815 tuus
740 1774 893 1816 omnia
938 1775 1103 1816 circum
1149 1774 1303 1816 Litora
1347 1775 1578 1816 iactetur».
1605 1798 1664 1802 ——

174 1846 334 1891 Troica
355 1883 364 1890 .
394 1883 402 1890 .
433 1882 441 1890 .
472 1861 622 1901 sacra,
647 1849 835 1892 Penates
861 1854 905 1892 et
930 1864 1001 1892 res
1027 1864 1175 1893 sacras
1202 1851 1258 1893 ad
1283 1851 1452 1893 cultum
1480 1851 1664 1894 deorum

166 1925 467 1979 pertinentes3
510 1926 563 1970 ef.
590 1926 716 1982 Verg.
745 1928 852 1970 Aen.
895 1928 952 1970 II.
997 1930 1081 1972 293
1107 1929 1289 1982 (Hector
1329 1929 1383 1971 ad
1424 1930 1662 1982 Aeneam):

172 2002 330 2046 «Sacra
371 2017 562 2059 suosque
595 2005 676 2047 tibi
717 2005 1002 2049 commendat
1042 2007 1171 2049 Troia
1207 2007 1439 2049 Penates».
1467 2031 1526 2035 —
1545 2018 1662 2062 pro-

165 2079 291 2136 fuqis
318 2114 326 2123 .
356 2114 365 2123 .
395 2115 403 2123 .
431 2081 629 2137 ratibus,
669 2085 719 2124 ut
759 2081 837 2126 Ov.
865 2083 991 2126 Trist.
1030 2084 1064 2127 L
1101 2086 1139 2134 3,
1168 2086 1249 2127 84:
1283 2084 1522 2126 «Accedam
1562 2097 1663 2138 pro-

167 2157 280 2210 fugae
307 2157 481 2200 sarcina
510 2171 647 2213 parva
685 2160 795 2202 rati»
827 2163 871 2202 et
895 2160 998 2204 ibid.
1027 2161 1076 2203 V.
1105 2162 1144 2211 2,
1174 2162 1256 2204 62:
1290 2161 1370 2203 «Et
1407 2160 1664 2215 Scythicum

166 2234 356 2288 profuga
382 2234 581 2278 scindere
606 2249 755 2291 puppe
797 2238 1002 2281 fretum».
1030 2263 1090 2267 -—
1114 2236 1367 2282 Laurentes
1394 2273 1402 2281 .
1433 2273 1441 2280 .
1471 2273 1479 2281 .
1510 2251 1664 2294 ayros,

166 2311 341 2366 appulit
366 2312 486 2354 enim
510 2313 684 2356 Aeneas
710 2313 766 2356 ad
792 2328 948 2370 agrum
972 2315 1244 2358 Laurentem
1270 2316 1318 2357 in
1344 2316 1474 2359 Latio
1512 2315 1663 2370 ibique

165 2389 214 2430 in
240 2389 348 2431 litus
375 2389 584 2433 escendit.
603 2390 878 2434 Laurentum
905 2395 1054 2435 autem
1083 2396 1178 2435 erat
1203 2392 1329 2435 sedes
1355 2393 1518 2443 Latini,
1547 2394 1662 2448 regis

165 2466 442 2508 Latinorum.
470 2465 534 2510 Cf.
561 2467 656 2511 Liv.
683 2468 717 2510 L
750 2470 785 2519 1,
813 2471 866 2512 4:
900 2470 1120 2512 «Aeneam
1146 2503 1157 2513 .
1186 2503 1197 2513 .
1223 2503 1234 2513 .
1263 2470 1317 2512 ab
1344 2470 1497 2513 Sicilia
1522 2471 1662 2514 classe

165 2543 221 2586 ad
246 2543 518 2587 Laurentem
543 2558 697 2599 agrum
735 2547 934 2590 tenuisse
960 2580 971 2590 .
997 2581 1008 2591 .
1037 2581 1047 2591 .
1074 2548 1136 2590 ibi
1164 2550 1329 2603 egressi
1355 2549 1576 2591 Troiani».
1604 2574 1661 2577 -r-

166 2624 372 2665 errantes
400 2656 407 2663 .
438 2655 446 2663 .
478 2655 486 2663 .
527 2620 688 2678 Lares,
728 2624 781 2667 cf.
828 2624 955 2679 Verg.
1003 2627 1110 2668 Aen.
1158 2626 1230 2669 VI.
1279 2628 1467 2669 66—68.
1515 2627 1662 2678 (verba

164 2699 364 2752 Aeneae):
398 2699 489 2747 «da,
518 2713 611 2742 non
649 2700 846 2744 indebita
883 2716 1016 2756 posco
1055 2703 1208 2759 Regna
1244 2704 1356 2747 meis
1388 2704 1503 2753 fatis,
1532 2704 1660 2746 Latio
